2934 4838
349 365 429 439 bill.
453 364 512 438 lll-
552 364 917 446 canonoaoolcne
1109 366 1185 447 715

89 534 183 611 aas,
202 534 295 596 aa·
311 532 387 597 naa
405 542 437 595 e
452 533 573 597 mutas
591 535 779 599 namna
797 531 996 618 poenum,
1017 552 1086 597 m
1107 532 1186 603 dixit
1260 507 1269 525 '

91 615 119 686 δ’
134 615 174 703 del
187 612 378 699 προισῆμηνῦ
387 642 418 682 as
431 625 565 699 σημεῖον.
584 614 671 701 ἥλιος
682 615 740 705 γάρ
754 629 811 683 etc.

182 704 248 765 llll.
287 704 412 781 Exque
431 703 561 765 ducrum
581 713 751 781 anctorum,
770 725 898 784 quornm
916 706 1036 789 eclipses
1053 703 1185 784 exposui,

92 786 138 849 de
155 806 257 851 earnm
277 787 488 868 significetione
503 790 663 865 muntia,
683 789 724 850 ad
738 789 848 850 calcem
860 790 1071 854 dissertationis
1083 791 1184 869 inqua
1198 795 1223 851 Ρ
1238 793 1289 850 605

85 871 242 937 haetenus
255 871 432 935 historicum
445 883 476 933 et
487 882 688 934 mnenomuna
700 892 784 953 egere
794 894 844 936 nae
857 878 1008 956 oportuit,
1029 895 1138 955 quaeso
1151 883 1189 937 ut

86 958 171 1021 nihi
183 959 274 1019 licsst
286 958 430 1038 tantisper
442 977 527 1037 agee
538 957 708 1038 theologum
718 1000 728 1034 ,
748 967 780 1019 st
802 959 881 1019 circa
891 961 1115 1041 fignificatioms
1129 960 1186 1019 de-

87 1045 261 1106 fectionum
285 1043 441 1122 utriusqus
461 1042 618 1104 lacunaris
630 1042 751 1113 delinire
765 1043 913 1121 breviter,
934 1055 966 1106 at
984 1044 1092 1120 solide,
1112 1044 1187 1122 qnid

89 1128 284 1191 ssbnsfisnus
307 1126 400 1188 bomo
428 1127 535 1189 dabest
557 1137 612 1190 ent
629 1129 722 1209 possit
741 1130 791 1190 vel
809 1130 919 1190 sentire
937 1128 1065 1209 lagitim
1082 1129 1132 1189 rel
1152 1131 1186 1191 in

90 1232 187 1278 usum
204 1210 345 1274 adbibere
362 1213 426 1273 sine
444 1214 520 1276 vitio
539 1212 707 1276 timiditatis
726 1224 781 1276 ent
798 1216 860 1275 sine
872 1234 952 1276 noxa
964 1213 1188 1295 superstitionis,

92 1319 228 1379 qnorum
246 1297 373 1361 alterum
390 1297 538 1361 bnmsnas
558 1299 742 1379 fortitudini,
765 1299 892 1363 alterum
912 1299 1094 1367 chistianae
1112 1298 1188 1359 rali-

1 1421 2 1437 ,
115 1383 176 1445 'oni
192 1400 224 1443 re
323 1392 346 1447 t
739 1392 740 1396 ’

90 1404 124 1466 ‘¹
183 1401 394 1548 Unfflptm
410 1467 471 1533 boc
481 1471 662 1553 pronuntio,
683 1472 809 1556 eclipses
823 1471 893 1533 solis
908 1480 938 1534 et
952 1471 1042 1533 lnnse
1054 1488 1117 1530 esse
1131 1468 1188 1528 de-

94 1554 196 1617 sectus
211 1553 376 1633 naturnles,
397 1555 448 1615 rel
461 1556 583 1618 luminis
603 1558 636 1618 in
657 1558 723 1639 ipss
737 1560 808 1619 luna
829 1558 862 1617 in
878 1556 1011 1618 umbram
1023 1566 1120 1617 tsrrse
1133 1553 1188 1612 in-

1 1702 2 1711 ,
97 1647 255 1714 amante,
274 1637 325 1701 vel
342 1637 497 1703 radiorum
513 1642 585 1703 solis
603 1641 635 1702 in
655 1652 752 1722 terra,
777 1644 861 1704 Luna
879 1662 911 1703 ss
930 1641 1010 1703 inter
1025 1649 1187 1717 utrumque

96 1722 261 1787 inliciente.
301 1733 364 1785 tana
376 1724 525 1791 naturales
538 1736 637 1789 sutem
649 1737 681 1789 et
693 1728 846 1791 ordinatae
864 1737 938 1788 sunt
962 1724 1189 1786 coniunctiones

1 1817 2 1886 i
97 1818 130 1873 et
148 1807 350 1890 oppositiones
363 1808 536 1891 eclipticas,
557 1832 647 1892 qnam
669 1825 739 1875 arunt
757 1813 816 1894 ipsi
840 1820 939 1872 motus
954 1808 1144 1872 luminarium
1160 1814 1191 1867 et

1 1902 2 1911 ’
96 1894 239 1975 syaygiae
253 1913 315 1954 non
328 1893 498 1976 eclipticas,
521 1917 609 1977 quem
621 1908 693 1960 sunt
708 1899 771 1958 diss
792 1907 823 1959 et
841 1906 959 1979 noctes,
988 1915 1077 1976 quam
1088 1890 1190 1953 solsti-

1 2047 3 2065 ξ
97 1981 143 2043 sis
162 1988 193 2039 et
212 1976 417 2059 aequinoctia,
446 2001 535 2062 qnam
556 2003 672 2045 menses
693 1991 723 2044 et
743 1983 832 2044 annis
857 1981 989 2064 pendent
1009 1980 1089 2041 enim
1113 1975 1189 2039 baeu

98 2064 200 2126 omnis
211 2063 301 2126 simili
316 2064 406 2125 modo
421 2085 439 2124 a
457 2066 555 2148 prima
569 2069 634 2147 lege
648 2078 678 2129 et
691 2068 879 2130 ordinatione
898 2065 1061 2128 conditoris
1069 2108 1080 2142 ,
1101 2080 1191 2143 quam

1 2221 2 2232 χ
101 2149 194 2212 coelis
207 2159 238 2211 et
250 2148 399 2211 sideribus
417 2153 610 2233 praescripsit
629 2153 666 2213 ab
683 2153 770 2214 initio
789 2153 912 2213 molitor
929 2151 1017 2228 dens,
1046 2168 1136 2229 quem
1147 2147 1193 2207 le-

1 2241 2 2256 *
98 2253 166 2315 gem
180 2244 367 2296 constantem
382 2244 415 2297 st
424 2234 596 2298 inviolatam
607 2258 656 2300 rea
672 2234 788 2300 creatas
801 2246 1001 2316 conservant3
1031 2253 1106 2315 quas
1119 2251 1194 2292 can·

99 2339 134 2381 sa
150 2329 194 2379 est
205 2339 260 2381 cur
273 2320 396 2401 eclipses
408 2320 621 2402 praedicantur
631 2324 829 2384 infallibiliter
841 2344 858 2382 s
870 2322 975 2404 peritis
987 2340 1055 2380 cuns
1066 2319 1193 2379 circurn-

1 2411 2 2414 ’
99 2406 220 2466 stantiis
240 2405 453 2484 magnitudinis
474 2417 506 2468 et
527 2406 708 2484 durationis,
740 2407 842 2470 habits
869 2408 1055 2467 exactinims
1076 2403 1193 2464 ratione

98 2497 269 2571 temporum
283 2499 313 2550 et
327 2491 478 2570 locorum,
499 2492 531 2552 in
550 2493 657 2573 quibus
668 2494 738 2554 illae
751 2493 938 2572 confingunt.
979 2488 1094 2549 accedit
1109 2485 1193 2568 quod

97 2594 241 2637 numerus
260 2575 417 2655 eclipsium
437 2596 561 2655 magnus
582 2579 622 2638 sit
641 2587 673 2639 et
700 2597 843 2639 occursus
865 2578 1023 2655 frequens:
1052 2582 1194 2653 quatuor,

98 2659 252 2722 interdum
266 2669 295 2720 et
309 2661 411 2741 plnres
424 2680 478 2742 per
488 2662 620 2741 singulos
642 2684 736 2724 annos
759 2663 853 2737 liunt,
875 2670 904 2722 et
917 2661 977 2722 iam
993 2657 1129 2720 emundi
1141 2674 1194 2717 ex·

98 2745 187 2808 ordio
199 2746 271 2826 plns
285 2766 373 2825 qnam
382 2745 507 2807 vicesies
520 2747 603 2809 mille
616 2749 767 2810 numerari
781 2756 915 2829 possunt.

184 2830 294 2892 Eadem
314 2852 407 2914 porro
449 2833 634 2911 renidentis,
662 2854 738 2914 qnae
764 2833 837 2894 fecit
856 2832 889 2890 in
910 2827 1021 2890 mnndo
1040 2825 1102 2886 dno
1118 2822 1195 2883 baec

100 2912 260 2976 luminaria
273 2934 393 2996 magna,
489 2921 496 2936 ’
554 2941 570 2976 e
585 2921 704 2994 maissa,
726 2929 763 2976 ast
774 2926 925 2996 praeesset
942 2912 1023 2986 diei,
1049 2918 1077 2968 et
1098 2909 1195 2966 lumi·

101 3014 656 3171 wsr,
671 3013 709 3163 t

103 3178 135 3228 et
155 3170 300 3250 sapientis
319 3180 421 3232 motus
444 3188 547 3231 eornm
570 3179 601 3229 et
621 3128 830 3229 cuneebsionea
847 3164 998 3225 ordinavit
1015 3161 1054 3222 sd
1073 3161 1193 3222 felicem

103 3254 208 3315 usundi
229 3248 490 3333 gubernationem,
518 3253 558 3312 ed
572 3253 734 3312 electorum
757 3252 884 3311 salutm
906 3257 938 3309 et
956 3245 1194 3324 snamgloriam3

103 3354 160 3398 nec
174 3337 300 3400 dubium
310 3338 386 3417 quin
397 3337 478 3418 ipsas
489 3336 715 3399 coniunctiones
728 3346 760 3397 et
772 3332 995 3416 appositiones,
1013 3332 1085 3392 solis
1096 3341 1127 3392 st
1144 3330 1196 3391 lu-

103 3440 159 3482 nas
172 3422 307 3484 delectus
316 3430 349 3482 et
360 3421 609 3499 illuminationes,
630 3420 820 3482 constituerit
829 3418 865 3481 in
880 3439 1006 3480 numero
1019 3416 1152 3499 pondera
1164 3423 1196 3475 et

103 3525 260 3579 mensum,
282 3525 372 3586 quem
392 3507 505 3569 sciebat
524 3516 556 3568 et
572 3505 696 3570 volebat
711 3504 841 3568 bumana
860 3506 961 3586 genui
971 3505 1010 3566 ad
1025 3503 1152 3564 salntem
1165 3507 1198 3561 et

5 3612 8 3655 l
105 3590 272 3652 felicitatem
283 3591 484 3672 profuturam.

187 3675 269 3737 m.
309 3676 357 3739 Er
374 3676 436 3739 boc
464 3698 528 3740 uno
551 3676 747 3760 pronuntiato
781 3675 900 3738 tollitur
927 3672 1141 3737 admirabilitas
1167 3675 1199 3729 et

106 3759 189 3840 vulgi
207 3760 330 3842 qnidam
348 3772 471 3847 stupor,
501 3762 554 3844 qui
574 3763 702 3845 eclipses
724 3762 932 3843 consequitur:
959 3763 1057 3823 oritur
1068 3756 1147 3818 enim
1159 3770 1200 3814 aa

106 3845 272 3927 ignoramia
284 3867 353 3908 cum
368 3850 497 3929 quadam
508 3849 644 3911 novitate
657 3858 689 3912 et
702 3848 826 3909 raritate
840 3846 922 3928 apud
941 3867 992 3906 eos
1007 3844 1061 3923 qni
1080 3859 1137 3899 nec
1149 3857 1199 3895 ea·

106 3950 174 3992 sum
188 3951 294 3994 musas
311 3934 487 4014 intelligent
503 3954 565 3996 nec
579 3935 758 4014 easssepius
774 3931 991 4004 observarunt,
1012 3929 1199 3986 cumcontra
1254 3966 1266 3993 s

107 4015 253 4097 sapientes
265 4027 297 4078 et
307 4018 389 4080 docti
405 4039 453 4080 sss
471 4020 533 4089 suis
552 4018 737 4101 temporibus
756 4015 857 4080 uenti
870 4021 1044 4097 expectent,
1064 4016 1201 4104 ⁸¹2⁰&

107 4101 189 4163 sions
201 4102 236 4162 in
246 4102 436 4167 commodans
451 4124 596 4166 canaam
611 4103 718 4165 effectu
729 4102 805 4165 bene
817 4108 958 4176 utantur,
982 4104 1012 4156 at
1024 4109 1199 4177 Ναθῶ»

107 4187 205 4267 siqua·
215 4187 348 4249 creditur
361 4188 533 4267 imminere,
551 4197 646 4250 totam
658 4188 694 4249 in
707 4187 808 4250 bostss
823 4185 971 4248 derivant.

187 4271 238 4333 lta
247 4273 320 4337 olim
334 4273 483 4356 sulpitius
498 4273 620 4350 Gallus,
644 4282 679 4334 ut
697 4273 835 4335 referunt
852 4267 954 4331 Livius
970 4264 995 4325 l.
1013 4258 1056 4328 44
1072 4255 1198 4356 eil‘luf·

108 4357 138 4417 in
151 4356 246 4422 Paulo
261 4358 387 4449 samnio
393 4403 405 4441 ,
426 4357 464 4423 de
476 4358 588 4440 insigni
602 4358 768 4421 delectione
777 4358 868 4423 lunas
875 4397 886 4432 ,
906 4370 997 4435 quam
1005 4342 1202 4431 psaawdffll
1335 4388 1341 4409 ·

5 3698 20 4525 —s—-=⁴-.———-—-
