3036 4840
480 376 635 469 ,amn
673 377 948 450 crossenrmt
1199 385 1275 465 ote

183 562 264 605 arem
283 542 443 605 maximam
463 552 494 605 et
515 542 731 625 preebyterinm
750 543 787 607 ab
809 542 970 625 iograeen’
1062 552 1155 629 tunna
1165 550 1273 629 populi

181 629 315 707 tegebet3
336 639 487 689 exteneam
503 649 621 710 quoque
634 630 864 711 appellationem
875 563 1165 712 adamantium
1178 634 1273 713 quod.

182 711 251 775 dem
270 713 322 774 iati
340 713 557 777 aubatructioni
580 716 753 795 contiguam
768 714 990 795 deeignendam.
1033 718 1139 779 addam
1152 717 1203 778 lric
1216 717 1274 778 lru.

180 798 332 861 manitatia
362 799 463 859 officio
497 796 658 860 inetinctua
689 820 751 860 non
778 798 1016 879 intempeetirem
1036 800 1273 891 vindicationem

180 882 252 945 boni
275 883 448 965 ecriptoria,
469 881 542 945 dum
562 881 600 945 de
620 883 701 944 aolea
720 903 783 945 non
799 885 907 949 inacite
927 903 984 945 nec
1005 888 1272 971 temeredieputet,

181 968 218 1035 ab
241 967 299 1029 alio
319 968 413 1049 magia
435 966 554 1029 erudito
571 987 661 1051 quam
678 966 809 1031 humano
821 967 1001 1029 incomitieti
1014 990 1119 1049 parum
1133 972 1272 1037 civiliter.

180 1053 387 1115 coniecturam
410 1050 447 1113 de
471 1053 552 1114 aolea
572 1073 656 1115 auam
677 1052 846 1115 verecunda
868 1063 958 1133 atque
979 1052 1109 1115 obnoxie
1129 1077 1184 1136 pro
1208 1058 1377 1122 eniteant

179 1137 353 1199 Ludovicua
376 1136 518 1198 cellotiua
540 1149 644 1201 aoatcr
665 1137 728 1205 l.6
752 1137 790 1203 de
810 1137 983 1199 Hieramhie
1004 1158 1031 1199 a.
1052 1142 1073 1204 6
1091 1160 1122 1220 p.
1136 1079 1217 1216 483,
1237 1141 1271 1203 in

178 1219 263 1285 huna
285 1222 409 1285 modum
429 1222 576 1285 ecribmaz
598 1220 680 1305 quid
697 1226 727 1287 ei
749 1222 866 1285 divim
885 1224 1006 1304 aliquia
1026 1225 1060 1282 in
1086 1245 1122 1281 ea
1136 1225 1272 1304 planitie
1329 1236 1335 1249 ·

179 1306 265 1366 altori
281 1307 386 1387 ampla
401 1318 428 1366 et
441 1307 600 1389 aequabili
612 1306 754 1371 eductum
768 1318 828 1372 aut
844 1311 877 1368 in
893 1306 1062 1371 medicant
1079 1307 1125 1389 ad
1140 1309 1271 1373 alterum

178 1392 267 1475 lmua
295 1391 431 1455 notatus
458 1391 591 1473 aliquod
611 1395 710 1454 solum
734 1396 818 1455 omni
837 1394 990 1475 elegantia
1008 1391 1194 1455 adornatum
1217 1405 1271 1458 eta.

178 1480 283 1557 eioque
302 1477 416 1536 caleam
435 1500 456 1539 a
472 1479 537 1538 tola
562 1474 679 1539 dictum
693 1488 723 1538 et
731 1481 925 1559 pauimento,
949 1479 1000 1541 vel
1010 1481 1040 1537 ai
1053 1482 1153 1541 mavia
1165 1479 1205 1539 ab
1217 1501 1271 1539 ex·

174 1562 1271 1747 tittttttiti‘tt‘ittntttgtttittttttfitlitat

179 1749 243 1793 aeae
264 1730 406 1809 abaurda,
427 1743 462 1794 at
478 1755 497 1794 a
515 1733 663 1815 acriptore
680 1733 819 1815 rebgioao
838 1743 900 1797 tam
918 1732 1060 1797 atrociter
1076 1742 1105 1815 et
1122 1733 1271 1797 invidiosa

178 1815 418 1881 traducerentur.
455 1820 603 1900 gramm,
624 1817 739 1900 inquit,
756 1818 971 1879 hallucinatur
987 1815 1143 1897 Callatim,
1183 1820 1220 1878 ui
1231 1816 1271 1879 ab

178 1922 314 1981 rapam
332 1913 362 1961 at
377 1914 549 1984 exporrecta
568 1906 636 1964 eiua
642 1907 769 1982 foma,
790 1904 896 1988 qualia
907 1915 950 1963 eat
964 1906 1073 1981 soleae,
1094 1906 1141 1962 cic
1153 1841 1272 1963 dictum

174 1998 284 2066 punt,
311 1990 404 2068 quasi
442 1989 564 2070 rafanis
583 1989 675 2049 anleie
692 2001 722 2048 et
735 2011 799 2051 nan
816 1989 928 2051 aolutia
950 1989 1163 2051 calceamentie
1188 2001 1270 2049 terra

178 2074 406 2135 mnatacaloan
453 2076 551 2152 soret.
577 2072 715 2139 hiavero
728 2095 830 2136 merua
843 2071 1158 2152 eatauccaaloliginia.
1186 2073 1271 2155 quid,

177 2157 303 2237 amabo,
322 2159 422 2221 eoleaa
436 2159 532 2221 iorme
543 2158 582 2223 ad
594 2159 671 2221 eecri
681 2159 743 2222 loci
755 2158 1038 2225 contaminationem
1051 2154 1200 2240 pectinati
1231 2179 1270 2221 aa

179 2262 282 2307 emnaa
302 2244 399 2305 eoleaa
418 2244 582 2324 proienae'l
604 2243 692 2305 etiam
712 2240 782 2309 illae
802 2244 911 2345 quibua
922 2242 1078 2325 pontifices
1090 2243 1181 2307 aacria
1194 2263 1270 2325 ope-

176 2337 279 2389 rantra
292 2329 350 2389 rita
363 2339 488 2392 utuntur
504 2328 702 2391 ecclaaiaetica
713 2326 920 2391 benedictione
934 2327 1079 2393 ucretia'l
1101 2328 1204 2387 videat
1215 2347 1270 2409 aua

176 2420 238 2473 tem
252 2413 303 2493 qui
317 2413 468 2494 piaculum
482 2423 571 2497 putet
587 2413 625 2475 ad
642 2414 849 2496 explicandam
861 2413 987 2495 liguram
999 2412 1061 2477 loci
1072 2413 1148 2477 aeori
1161 2411 1206 2471 uti
1222 2411 1269 2470 ai-

174 2497 347 2559 militudine
362 2498 476 2577 taleae,
495 2499 571 2580 quid
585 2519 653 2560 eum
668 2509 797 2561 atemere
808 2499 850 2562 ait
863 2518 1048 2581 concoquens
1062 2494 1099 2559 da
1112 2498 1269 2559 innocen-

175 2580 221 2642 tio
235 2583 337 2645 Tertio
355 2593 442 2664 pant.
455 2605 555 2659 max„
577 2584 628 2665 qui
645 2585 666 2645 l.
683 2592 701 2651 1
717 2584 930 2665 Myrteriorum
950 2584 1070 2658 Minae,
1092 2603 1120 2646 c.
1134 2582 1191 2663 bb,
1212 2578 1269 2662 per¹

175 2667 407 2733 atnamntnn
419 2669 530 2750 pedum
542 2668 702 2747 aignilicari
716 2670 804 2732 docet
816 2679 1040 2733 aecroaenctum
1056 2665 1270 2729 incarnationia

175 2751 260 2815 verbi
272 2755 465 2833 mysterium,
486 2774 542 2837 per
554 2755 634 2835 quod
647 2755 690 2815 ait
701 2752 790 2815 deum
805 2758 839 2815 in
852 2753 971 2819 Iudaea
988 2764 1112 2829 mtrem,
1132 2763 1160 2811 et
1177 2753 1269 2809 cuiue

174 2839 210 2897 ia
226 2837 326 2899 letali
339 2861 487 2920 magnum
510 2861 631 2919 namen,
653 2843 687 2901 in
704 2839 887 2901 Idumaeam
904 2836 1066 2911 extmdieaae
1082 2836 1268 2899 calceamen-

175 2932 242 2983 tum
262 2945 362 2989 auum.
404 2933 437 2984 at
454 2926 543 2987 etiam
564 2946 603 2987 ex
623 2925 770 2987 modoetia
790 2923 911 2985 cellotii
932 2943 1039 2985 aeneor
1054 2920 1152 2998 idem,
1178 2937 1267 2998 quem

172 3004 298 3070 bonoria
316 3030 406 3073 cauae
420 3011 509 3071 modo
524 3030 586 3072 non
601 3010 724 3071 nomino
733 3054 744 3089 ,
764 3031 803 3071 ex
819 3006 981 3085 modoetia,
1002 3006 1139 3084 inquam,
1160 3002 1269 3064 lauda-

174 3090 228 3153 bili
241 3094 359 3154 Cellotii
372 3082 558 3155 oocaeionem
574 3093 680 3176 arripit
695 3094 923 3156 eiecarbiaaime
933 3089 1116 3163 inaultandi,
1136 3087 1207 3148 dum
1220 3085 1266 3147 aio

172 3178 295 3241 acribite
309 3178 389 3261 quid
401 3182 501 3262 igitur
512 3178 616 3240 aclea?
636 3182 848 3260 interrogatae
861 3180 963 3258 iprum
974 3170 1267 3247 collectitialraeret

171 3261 249 3323 anibi
266 3285 358 3343 aqua,
378 3262 554 3346 remandet:
575 3260 701 3325 turbida
716 3274 866 3343 aetnam,
885 3283 976 3323 coeno
989 3271 1018 3320 et
1031 3258 1095 3321 eolo
1110 3269 1138 3319 rt
1159 3255 1266 3318 eordi-

174 3346 225 3407 dia
245 3352 312 3409 eine
329 3351 420 3410 eoleia
431 3351 617 3432 prqt'anata.
657 3345 732 3409 lraec
751 3346 915 3411 catholicua
933 3357 963 3407 at
981 3345 1137 3425 religioaaa
1158 3362 1263 3405 aecer-

174 3431 230 3492 doa
251 3433 287 3493 da
308 3434 459 3496 catholico
479 3444 510 3494 et
525 3433 666 3513 religioao
684 3434 837 3496 secerdote
850 3431 955 3493 acribit
961 3451 972 3507 3
994 3450 1069 3511 quae
1083 3429 1108 3490 ei
1120 3428 1264 3489 adverana

107 3552 111 3559 ·
173 3516 359 3581 Haeretioum
378 3528 432 3582 ant
449 3518 693 3581 blahumetanum
713 3519 926 3594 aariberentur,
946 3517 1001 3579 vix
1012 3514 1148 3577 exemeri
1160 3514 1199 3573 ab
1213 3514 1264 3574 in·

172 3600 358 3665 humanitate
383 3616 512 3686 poaaent
553 3613 702 3667 maurum
730 3616 848 3687 praeter
871 3611 978 3666 votam
998 3609 1061 3663 tam
1078 3598 1264 3661 atomachoao

173 3687 289 3747 canaon'
307 3691 431 3770 contigit
448 3701 484 3753 ut
502 3712 578 3773 qnae
596 3691 722 3755 lanino
740 3691 867 3753 libenter
883 3686 1127 3770 infligebatheud
1139 3701 1263 3767 parcam

172 3770 317 3850 verbera,
335 3773 368 3835 io
380 3794 449 3836 eum
459 3798 547 3856 qnam
561 3777 682 3840 minime
693 3777 784 3838 voltu
794 3774 959 3852 reeilirent,
976 3772 1183 3837 amiciaeimum
1196 3767 1262 3864 aibi3

172 3855 260 3919 nobie
280 3867 312 3919 et
329 3860 445 3921 canalia
461 3864 567 3927 merito
585 3883 641 3925 auo
662 3871 771 3945 caput,
789 3860 1018 3933 muniminum
1032 3856 1190 3929 Allatinm,
1210 3869 1262 3929 qut

172 3940 340 4003 doctiaeirne
355 3944 560 4009 diumtationa
573 3947 611 4008 to
625 3949 703 4011 aolea
711 3993 722 4026 ,
740 3966 851 4027 exque
868 3946 1028 4027 plurimum
1044 3937 1201 4025 proiecit·e
1213 3952 1262 3993 ¹¹¹0

170 4026 258 4087 initio
278 4050 344 4091 anm
363 4031 529 4111 prolatam,
549 4032 612 4094 eiua
623 4034 764 4115 originem
780 4032 907 4094 nominie
920 4048 1077 4111 quaeram,
1097 4045 1157 4085 non
1174 4017 1264 4094 male,

170 4112 287 4191 inquit,
308 4117 401 4175 etiam
420 4138 442 4175 a
462 4119 564 4194 eoba,
585 4140 648 4180 raon
666 4130 701 4181 ut
720 4116 875 4199 crepidam
892 4127 999 4193 annm,
1021 4127 1208 4197 quamquam
1224 4101 1264 4163 αὖ

171 4219 209 4258 aa
226 4221 344 4281 quoque
362 4223 426 4261 non
442 4205 618 4265 inconciruee
637 4203 701 4265 dici
718 4206 875 4285 quioniam
889 4208 1073 4262 autumaret
1114 4191 1189 4253 haec
1198 4189 1264 4266 illei

171 4283 281 4364 quibua
304 4286 404 4348 anania
426 4287 478 4351 illa
499 4307 575 4370 qnae
588 4288 622 4349 in
636 4289 793 4353 cellotium
809 4285 922 4367 pariter
932 4284 1015 4361 loqui
1030 4301 1134 4342 aueum
1150 4281 1265 4377 intorta

171 4370 301 4435 vitiam
321 4372 464 4455 rumino,
484 4376 624 4453 inattutn
643 4383 735 4457 ceput
754 4371 912 4435 attraxiaea
936 4367 1031 4431 videri
1052 4373 1187 4450 poterat,
1208 4382 1266 4423 mat
