3036 4840
172 272 176 281 ’
262 321 338 395 ere
560 300 800 388 oaseavar.
824 296 1062 384 vicuium.

260 485 431 566 Acropolita
446 485 630 545 &maenum
641 490 748 560 vocat,
771 481 888 542 dedime
901 499 1028 542 uxorem
1047 480 1150 542 fratris
1163 482 1210 543 sui
1230 481 1381 546 sabano.

261 573 386 633 cratoris
406 569 509 633 lsaacii
526 570 625 628 llucas
645 568 761 648 neptim
782 566 995 643 Theodoram,
1030 567 1113 627 cuias
1130 577 1221 647 pater
1241 570 1378 630 loannes

258 658 360 718 Isaacii
374 655 453 714 filim
471 653 506 714 in
520 653 719 713 adolescentia
740 662 916 732 praereptus
929 651 1035 711 acerba
1053 661 1153 713 morte
1165 654 1288 713 unicam
1300 676 1378 715 eam

257 742 372 823 prolem
388 739 549 817 reliquerat
561 739 652 799 uxori
667 755 738 798 suae
751 737 899 798 Eudociae
912 737 1031 797 loannis
1048 738 1152 817 Angeli
1170 738 1267 815 filiae,
1291 760 1375 818 quae

257 826 390 887 Eudocia
411 824 539 885 florente
553 823 625 883 licet
644 831 742 882 aetate
761 822 827 882 viro
843 822 963 897 amisso,
985 821 1127 883 laudabili
1144 823 1297 903 religionis
1310 845 1373 885 ex·

258 911 355 990 amplo
371 909 405 969 in
416 909 569 969 viduitate
591 907 648 968 deo
666 908 798 967 serviens
814 908 990 988 permansit;
1010 908 1092 967 uude
1106 907 1188 967 haud
1203 928 1283 968 vane
1298 912 1371 989 opi—

256 1007 349 1057 natur
364 994 537 1073 Acropolita
551 1002 667 1073 partem
678 993 801 1073 praemii
819 993 964 1052 divinitus
982 993 1090 1052 tributi
1107 994 1217 1053 virtuti
1232 994 1298 1054 eiua
1316 996 1370 1055 vi-

257 1080 323 1140 deri
349 1079 481 1159 potuisse
502 1089 565 1138 tam
579 1079 651 1139 felix
666 1078 835 1158 coniugium
856 1076 933 1138 filiae
946 1097 1000 1159 per
1017 1078 1051 1137 id
1064 1078 1103 1138 ad
1116 1078 1276 1158 imperium
1289 1101 1368 1140 mox

257 1164 439 1226 evehendaa.

342 1269 373 1314 v.
388 1254 418 1314 2.
446 1248 554 1327 magni
567 1247 740 1306 concarnali
752 1243 912 1326 dignitate.
941 1246 1064 1307 videtur
1075 1245 1147 1306 haec
1162 1246 1291 1327 dignitas
1301 1247 1361 1307 ni-

257 1334 352 1395 chaiili
361 1333 530 1412 Palaeologo
545 1332 652 1391 collata
665 1333 820 1391 occasione
833 1332 1006 1412 nuptiarum
1015 1331 1103 1391 modo
1117 1343 1360 1410 memoratarum,

258 1421 296 1480 ab
313 1421 378 1499 ipso
393 1437 495 1477 earum
509 1417 699 1477 conciliatore
714 1418 824 1477 Ioanne
837 1418 979 1495 Augusto.
1021 1438 1090 1476 nam
1104 1416 1281 1478 Theodorua
1294 1417 1359 1478 hu·

256 1505 303 1563 ius
321 1522 472 1563 successor
482 1502 629 1580 iniquiore
640 1502 728 1563 luisse
744 1504 827 1563 viam
840 1501 871 1561 in
883 1501 1055 1561 ntichaelem
1067 1521 1183 1581 semper
1200 1513 1247 1562 est
1261 1505 1358 1562 auimo

188 1616 192 1623 ·
256 1604 346 1669 quam
361 1587 441 1647 utin
457 1605 525 1647 eum
537 1586 707 1647 ornandum
718 1596 780 1647 tam
794 1590 931 1668 profusus
945 1597 1035 1663 esset,
1056 1588 1167 1666 alioqui
1180 1590 1303 1664 solitus,
1323 1599 1359 1649 ut

256 1693 283 1732 c.
298 1693 358 1751 seq.
379 1670 574 1752 Paetiymeres
587 1672 742 1749 obintrat,
771 1672 928 1751 dignitates
949 1672 1093 1732 eiusmodi
1120 1674 1254 1734 tribuere
1275 1676 1361 1734 novis

255 1760 358 1840 potius
383 1756 554 1817 homiuibus
568 1777 657 1834 quam
670 1757 853 1838 principibus
873 1757 944 1837 regii
961 1758 1124 1837 sauguinis,
1149 1779 1280 1838 quorum
1298 1770 1361 1821 ent

256 1842 450 1924 deprimendo
464 1843 620 1921 supercilio
631 1845 775 1903 intentus.

151 1938 174 1989 P
189 1936 242 1993 438
343 1948 373 1989 v.
387 1930 416 1993 5.
457 1939 531 1988 vota
551 1929 615 1986 eiras
629 1931 750 2008 generia
765 1937 860 1985 mente
873 1927 952 1985 clam
966 1928 1077 1986 intima
1095 1925 1290 1988 subsidentia
1305 1938 1358 1992 ete.

257 2011 305 2073 his
319 2012 485 2092 exprimere
502 2022 626 2072 conatus
639 2034 706 2074 aum
724 2011 801 2072 illud
823 2011 1039 2073 subobscurum
1055 2012 1086 2087 ἐξ
1103 2005 1146 2075 dv
1164 2011 1359 2092 ὁκοκαθημέ

257 2122 321 2162 νων
335 2093 408 2178 εἶχε,
432 2098 597 2174 sententia,
618 2108 654 2157 ut
666 2118 771 2179 spero,
792 2098 829 2156 ab
843 2097 973 2157 auctoris
991 2117 1079 2156 sensu
1092 2118 1152 2157 uon
1169 2097 1360 2159 abhorrente.

257 2184 310 2242 sed
322 2183 459 2263 deinceps
478 2183 556 2242 circa
578 2182 679 2243 similis
691 2183 894 2264 perplexitatis
915 2182 996 2258 loca,
1018 2183 1117 2260 qualia
1131 2185 1238 2262 passim
1251 2206 1360 2244 occur-

256 2278 331 2328 runt
349 2268 381 2328 iu
400 2265 460 2327 hoc
473 2267 637 2348 scriptore,
658 2269 733 2330 nihil
750 2269 890 2328 morabor
908 2267 1050 2328 lectorem
1062 2268 1093 2327 iu
1113 2267 1161 2327 his
1176 2271 1272 2343 notis;
1290 2271 1360 2348 qui·

254 2351 313 2437 lius
331 2360 453 2411 tantum
473 2353 653 2429 necessaria,
680 2355 772 2434 idque
798 2353 984 2427 brevissime,
1018 2353 1148 2413 indicare
1169 2355 1358 2433 prepositum

255 2445 310 2495 est.
354 2436 436 2513 quod
459 2457 524 2497 rem
548 2440 644 2517 ipsam
664 2440 791 2515 attinet,
821 2459 880 2516 qua
900 2438 938 2498 de
959 2436 1009 2497 hic
1033 2440 1142 2518 agitur,
1170 2450 1286 2497 certum
1309 2449 1355 2497 est

253 2518 427 2580 michaelem
446 2521 654 2602 Palaeologum
676 2524 737 2583 iam
759 2544 890 2604 spuere
916 2525 1070 2584 titillatum
1096 2523 1349 2600 imaginationibus

254 2605 370 2683 imperii
379 2647 389 2680 ‚
412 2606 592 2665 comcientia
607 2608 751 2668 natalium
764 2608 966 2688 Augustorum
981 2619 1013 2668 et
1029 2626 1153 2690 praesaga
1165 2606 1344 2664 indicatione

128 2736 134 2747 .
257 2689 450 2769 auguriorum
478 2690 624 2751 excitatis.
666 2713 729 2752 non
756 2695 846 2752 semel
869 2695 913 2755 illi
932 2702 1104 2755 narraverat
1123 2713 1203 2751 soror
1222 2690 1345 2770 Eulogiu

255 2777 417 2836 lactentem
434 2774 534 2835 adhuc
551 2775 649 2855 ipsum
668 2798 731 2837 non
754 2779 795 2839 ad
815 2780 902 2838 aliam
925 2780 1038 2840 saciliua
1052 2778 1260 2838 obdormiscere
1271 2796 1348 2835 uae·

258 2863 341 2923 niam
359 2860 496 2938 solitum,
523 2881 614 2940 quam
636 2862 676 2922 ad
692 2882 758 2923 eam
775 2885 849 2943 quae
863 2868 1027 2944 Augustum
1046 2865 1194 2943 quondam
1205 2863 1288 2923 illum
1300 2865 1352 2922 in-

258 2957 381 3008 vectum
396 2948 434 3008 iri
450 2947 739 3030 Constantinopolim
752 2970 806 3030 per
821 2960 941 3030 portam
956 2953 1083 3010 Auream
1096 2960 1221 3014 caneret
1261 2950 1355 3009 refert

232 3090 240 3103 ,
257 3032 291 3092 id
305 3044 407 3094 noster
418 3053 448 3113 p.
475 3035 536 3098 128
555 3053 585 3093 v.
607 3038 657 3100 12.
685 3055 790 3095 vocem
807 3036 967 3097 MARPOV
986 3036 1024 3095 de
1045 3037 1129 3096 coelo
1149 3038 1266 3096 missam
1281 3056 1354 3095 eon-

257 3126 375 3178 textam
389 3138 405 3177 e
420 3138 474 3179 sex
487 3118 670 3198 literia‘quae
682 3120 854 3181 Michaelsm
872 3120 1035 3200 Augustum
1043 3122 1245 3181 Romanorum
1257 3121 1355 3200 Ocyue

258 3201 436 3262 Vacandum
457 3203 669 3284 significarent,
690 3228 706 3265 a
726 3205 975 3268 Thessalonicensi
998 3207 1130 3266 antistite
1145 3208 1237 3267 laetus
1251 3209 1356 3265 audie-

259 3294 327 3360 rat,
351 3296 388 3347 ut
399 3300 542 3350 narratur
555 3288 615 3352 hoc
627 3311 657 3373 p.
671 3294 713 3357 28
729 3313 758 3354 v.
773 3295 835 3356 9et
853 3298 899 3358 17.
943 3292 1070 3371 denique
1086 3294 1203 3365 tacitus,
1223 3293 1274 3350 sed
1285 3313 1356 3370 gra-

259 3370 359 3439 tulans
389 3374 578 3455 gaudensque
606 3376 711 3437 intime
737 3398 824 3438 omen
851 3388 1025 3458 captaverat
1051 3396 1090 3436 ex
1113 3388 1204 3437 cantu
1229 3378 1354 3436 fortuito

259 3453 392 3514 Chadeni
406 3450 620 3535 proximum'ei
631 3462 838 3524 vaticiniorum
850 3484 974 3543 regnum
986 3463 1199 3545 spondentium
1217 3472 1356 3522 eventum

260 3550 425 3618 augurante
433 3585 443 3616 ,
463 3555 556 3623 prout
567 3546 678 3607 alaidem
689 3569 719 3628 p.
735 3553 778 3616 80
791 3570 822 3611 v.
837 3554 876 3615 19
889 3550 1004 3630 legitur.
1046 3550 1149 3610 iuveni
1169 3550 1296 3627 denique
1306 3570 1354 3608 ao·

260 3624 331 3685 lerti
349 3626 421 3685 sorti
438 3646 579 3704 generoso
606 3634 682 3693 altos
700 3634 821 3694 afflabat
838 3636 960 3717 spiritus
977 3636 1076 3696 Irenes
1096 3635 1181 3694 avias
1205 3645 1355 3694 maternas

261 3711 473 3793 primogenitae
487 3713 583 3775 alexii
593 3717 780 3800 imperatoris
793 3721 839 3781 ius
858 3722 897 3779 ad
909 3722 1065 3797 imperium
1080 3730 1205 3800 paterna
1222 3721 1354 3798 designa-

258 3798 345 3857 tione
358 3797 391 3856 in
405 3797 507 3858 virum
529 3800 591 3861 eius
608 3805 781 3884 prolemque
792 3807 1025 3887 propagandum.
1067 3826 1136 3866 nam
1149 3805 1236 3882 hiric,
1257 3815 1292 3864 ut
1305 3823 1355 3863 re-

259 3884 323 3943 lert
337 3884 481 3964 Gregoras
495 3883 550 3952 1.ss
570 3907 599 3968 p.
614 3893 666 3964 32,
684 3890 834 3970 Augustus
853 3894 967 3970 genitor
990 3892 1151 3952 rubrarum
1170 3891 1353 3970 crepidarum

262 3988 351 4028 usum
365 3969 554 4046 decreverat,
577 3974 658 4051 quod
672 3978 755 4055 prole
767 3997 869 4036 careus
883 3978 1010 4037 mascula
1024 3979 1124 4037 virum
1138 3977 1200 4037 eius
1218 3997 1252 4035 ac
1266 3976 1353 4034 sobo·

259 4053 319 4112 lem
334 4066 455 4115 cernere
471 4058 652 4137 principatus
663 4058 860 4124 hereditatem
879 4064 998 4124 omnino
1011 4064 1111 4123 vellet.
1154 4082 1210 4122 uec
1229 4069 1294 4120 erat
1303 4059 1352 4138 qui

260 4146 323 4196 non
338 4140 454 4200 videret
468 4142 535 4200 talis
553 4143 678 4220 indolis,
700 4157 799 4206 tantae
818 4150 979 4209 nobilitatis
1003 4148 1220 4208 adolescentem
1238 4145 1290 4205 tali
1301 4164 1352 4202 re·

257 4232 329 4278 'rum
347 4232 428 4282 statu
444 4224 679 4287 haud'absurde
697 4232 729 4290 in
751 4254 870 4311 magnas
882 4254 1033 4312 assurgere
1051 4254 1116 4313 epea
1129 4252 1221 4314 posen
1263 4248 1352 4305 qum

257 4300 404 4366 loannem
415 4308 573 4389 Batatzeu,
593 4315 753 4391 praeclaris
769 4320 879 4397 alioqui
902 4320 1051 4380 Michaelis
1061 4322 1210 4393 faventem
1223 4314 1350 4391 donum,
