<?xml version="1.0" encoding="UTF-8"?>
<!DOCTYPE html PUBLIC "-//W3C//DTD XHTML 1.0 Transitional//EN"
    "http://www.w3.org/TR/xhtml1/DTD/xhtml1-transitional.dtd">
<html xmlns="http://www.w3.org/1999/xhtml" xml:lang="en" lang="en">
 <head>
  <title>
</title>
<meta http-equiv="Content-Type" content="text/html;charset=utf-8" />
  <meta name='ocr-system' content='tesseract 3.04.00' />
  <meta name='ocr-capabilities' content='ocr_page ocr_carea ocr_par ocr_line ocrx_word'/>
</head>
<body>
  <div class='ocr_page' id='page_1' title='image "./corpusscriptoru05berlgoog_0613.png"; bbox 0 0 3036 4840; ppageno 0'>
   <div class='ocr_carea' id='block_1_1' title="bbox 254 268 1045 350">
    <p class='ocr_par' dir='ltr' id='par_1_1' title="bbox 254 268 1045 350">
     <span class='ocr_line' id='line_1_1' title="bbox 254 268 1045 350; baseline -0.01 -4"><span class='ocrx_word' id='word_1_1' title='bbox 254 272 331 346; x_wconf 80' lang='lat'><strong>618</strong></span> <span class='ocrx_word' id='word_1_2' title='bbox 550 270 783 350; x_wconf 71' lang='lat' dir='ltr'><strong>ousuRvsT.</strong></span> <span class='ocrx_word' id='word_1_3' title='bbox 807 268 1045 341; x_wconf 76' lang='lat' dir='ltr'><strong>PACHYllER.</strong></span> 
     </span>
    </p>
   </div>
   <div class='ocr_carea' id='block_1_2' title="bbox 146 434 1354 1950">
    <p class='ocr_par' dir='ltr' id='par_1_2' title="bbox 146 434 1354 1950">
     <span class='ocr_line' id='line_1_2' title="bbox 146 434 1354 519; baseline 0 -20"><span class='ocrx_word' id='word_1_4' title='bbox 146 438 330 519; x_wconf 70' lang='lat' dir='ltr'><strong>eteulogia</strong></span> <span class='ocrx_word' id='word_1_5' title='bbox 345 455 363 498; x_wconf 93' lang='lat' dir='ltr'><strong>e</strong></span> <span class='ocrx_word' id='word_1_6' title='bbox 380 437 505 517; x_wconf 76' lang='lat' dir='ltr'><strong>solatii,</strong></span> <span class='ocrx_word' id='word_1_7' title='bbox 525 436 651 498; x_wconf 82' lang='lat' dir='ltr'><strong>classicis</strong></span> <span class='ocrx_word' id='word_1_8' title='bbox 670 435 783 499; x_wconf 76' lang='lat' dir='ltr'><strong>usius·</strong></span> <span class='ocrx_word' id='word_1_9' title='bbox 801 453 895 512; x_wconf 78' lang='lat' dir='ltr'><strong>voce,</strong></span> <span class='ocrx_word' id='word_1_10' title='bbox 916 435 1023 512; x_wconf 84' lang='lat' dir='ltr'><strong>ducta,</strong></span> <span class='ocrx_word' id='word_1_11' title='bbox 1041 435 1166 496; x_wconf 82' lang='lat' dir='ltr'><strong>sortasse</strong></span> <span class='ocrx_word' id='word_1_12' title='bbox 1177 434 1285 497; x_wconf 74' lang='lat' dir='ltr'><strong>hum</strong></span> <span class='ocrx_word' id='word_1_13' title='bbox 1297 437 1354 499; x_wconf 90' lang='lat' dir='ltr'><strong>di-</strong></span> 
     </span>
     <span class='ocr_line' id='line_1_3' title="bbox 252 519 1353 604; baseline 0 -19"><span class='ocrx_word' id='word_1_14' title='bbox 252 544 320 584; x_wconf 88' lang='lat' dir='ltr'><strong>cere</strong></span> <span class='ocrx_word' id='word_1_15' title='bbox 338 544 492 604; x_wconf 88' lang='lat' dir='ltr'><strong>possumus</strong></span> <span class='ocrx_word' id='word_1_16' title='bbox 508 524 677 604; x_wconf 80' lang='lat' dir='ltr'><strong>portatilis.</strong></span> <span class='ocrx_word' id='word_1_17' title='bbox 718 519 776 581; x_wconf 87' lang='lat' dir='ltr'><strong>hae</strong></span> <span class='ocrx_word' id='word_1_18' title='bbox 787 541 879 602; x_wconf 86' lang='lat' dir='ltr'><strong>porro</strong></span> <span class='ocrx_word' id='word_1_19' title='bbox 890 520 1153 581; x_wconf 68' lang='lat' dir='ltr'><strong>circumlocutione</strong></span> <span class='ocrx_word' id='word_1_20' title='bbox 1167 521 1219 583; x_wconf 81' lang='lat' dir='ltr'><strong>vel</strong></span> <span class='ocrx_word' id='word_1_21' title='bbox 1232 520 1353 603; x_wconf 67' lang='grc' dir='ltr'><strong>σκηναῖς</strong></span> 
     </span>
     <span class='ocr_line' id='line_1_4' title="bbox 252 604 1348 687; baseline 0 -19"><span class='ocrx_word' id='word_1_22' title='bbox 252 610 451 669; x_wconf 76' lang='lat' dir='ltr'><strong>tabernaculo</strong></span> <span class='ocrx_word' id='word_1_23' title='bbox 472 611 641 667; x_wconf 67' lang='lat' dir='ltr'><strong>enormia</strong></span> <span class='ocrx_word' id='word_1_24' title='bbox 659 606 825 687; x_wconf 76' lang='lat' dir='ltr'>exprimere</span> <span class='ocrx_word' id='word_1_25' title='bbox 837 604 1030 686; x_wconf 84' lang='lat' dir='ltr'><strong>Pscbymeres</strong></span> <span class='ocrx_word' id='word_1_26' title='bbox 1042 605 1155 684; x_wconf 84' lang='lat' dir='ltr'><strong>voluit,</strong></span> <span class='ocrx_word' id='word_1_27' title='bbox 1177 607 1243 682; x_wconf 85' lang='lat' dir='ltr'><strong>rel,</strong></span> <span class='ocrx_word' id='word_1_28' title='bbox 1262 608 1348 685; x_wconf 86' lang='lat' dir='ltr'><strong>quod</strong></span> 
     </span>
     <span class='ocr_line' id='line_1_5' title="bbox 251 691 1349 773; baseline -0.003 -18"><span class='ocrx_word' id='word_1_29' title='bbox 251 695 352 755; x_wconf 72' lang='lat' dir='ltr'><strong>terius</strong></span> <span class='ocrx_word' id='word_1_30' title='bbox 364 702 454 773; x_wconf 88' lang='lat' dir='ltr'><strong>puto,</strong></span> <span class='ocrx_word' id='word_1_31' title='bbox 473 693 604 754; x_wconf 81' lang='lat' dir='ltr'><strong>indicare</strong></span> <span class='ocrx_word' id='word_1_32' title='bbox 618 692 723 752; x_wconf 84' lang='lat' dir='ltr'><strong>domos</strong></span> <span class='ocrx_word' id='word_1_33' title='bbox 735 710 751 751; x_wconf 91' lang='lat' dir='ltr'><strong>e</strong></span> <span class='ocrx_word' id='word_1_34' title='bbox 763 693 886 753; x_wconf 81' lang='lat' dir='ltr'><strong>materis</strong></span> <span class='ocrx_word' id='word_1_35' title='bbox 897 692 1030 752; x_wconf 89' lang='lat' dir='ltr'><strong>solutiles</strong></span> <span class='ocrx_word' id='word_1_36' title='bbox 1042 691 1217 772; x_wconf 84' lang='lat' dir='ltr'><strong>proceribus</strong></span> <span class='ocrx_word' id='word_1_37' title='bbox 1231 693 1349 752; x_wconf 80' lang='lat' dir='ltr'><strong>Roma-</strong></span> 
     </span>
     <span class='ocr_line' id='line_1_6' title="bbox 252 776 1350 858; baseline -0.002 -18"><span class='ocrx_word' id='word_1_38' title='bbox 252 780 315 855; x_wconf 87' lang='lat' dir='ltr'><strong>nis,</strong></span> <span class='ocrx_word' id='word_1_39' title='bbox 335 779 482 839; x_wconf 86' lang='lat' dir='ltr'><strong>urbanum</strong></span> <span class='ocrx_word' id='word_1_40' title='bbox 501 779 609 839; x_wconf 82' lang='lat' dir='ltr'><strong>luxum</strong></span> <span class='ocrx_word' id='word_1_41' title='bbox 622 777 655 836; x_wconf 91' lang='lat' dir='ltr'><strong>iu</strong></span> <span class='ocrx_word' id='word_1_42' title='bbox 667 776 771 837; x_wconf 83' lang='lat' dir='ltr'><strong>militis</strong></span> <span class='ocrx_word' id='word_1_43' title='bbox 785 776 883 856; x_wconf 84' lang='lat' dir='ltr'><strong>quosd</strong></span> <span class='ocrx_word' id='word_1_44' title='bbox 898 785 1022 856; x_wconf 85' lang='lat' dir='ltr'><strong>possent</strong></span> <span class='ocrx_word' id='word_1_45' title='bbox 1033 795 1179 858; x_wconf 83' lang='lat' dir='ltr'><strong>usurpare</strong></span> <span class='ocrx_word' id='word_1_46' title='bbox 1191 777 1350 838; x_wconf 86' lang='lat' dir='ltr'><strong>studenti-</strong></span> 
     </span>
     <span class='ocr_line' id='line_1_7' title="bbox 252 860 1349 943; baseline -0.001 -19"><span class='ocrx_word' id='word_1_47' title='bbox 252 865 327 941; x_wconf 87' lang='lat' dir='ltr'><strong>bus,</strong></span> <span class='ocrx_word' id='word_1_48' title='bbox 347 873 515 943; x_wconf 83' lang='lat' dir='ltr'><strong>pareteseo</strong></span> <span class='ocrx_word' id='word_1_49' title='bbox 529 861 654 923; x_wconf 83' lang='lat' dir='ltr'><strong>artificio</strong></span> <span class='ocrx_word' id='word_1_50' title='bbox 666 870 702 921; x_wconf 88' lang='lat' dir='ltr'><strong>ut</strong></span> <span class='ocrx_word' id='word_1_51' title='bbox 714 870 924 942; x_wconf 84' lang='lat' dir='ltr'><strong>partesearum</strong></span> <span class='ocrx_word' id='word_1_52' title='bbox 936 860 1191 942; x_wconf 79' lang='lat' dir='ltr'><strong>solviseiungiqne</strong></span> <span class='ocrx_word' id='word_1_53' title='bbox 1204 864 1349 923; x_wconf 87' lang='lat' dir='ltr'><strong>commis-</strong></span> 
     </span>
     <span class='ocr_line' id='line_1_8' title="bbox 250 946 1346 1028; baseline 0 -19"><span class='ocrx_word' id='word_1_54' title='bbox 250 949 328 1009; x_wconf 84' lang='lat' dir='ltr'><strong>suris</strong></span> <span class='ocrx_word' id='word_1_55' title='bbox 350 956 381 1009; x_wconf 90' lang='lat' dir='ltr'><strong>et</strong></span> <span class='ocrx_word' id='word_1_56' title='bbox 406 948 465 1009; x_wconf 89' lang='lat' dir='ltr'><strong>alio</strong></span> <span class='ocrx_word' id='word_1_57' title='bbox 487 947 602 1009; x_wconf 86' lang='lat' dir='ltr'><strong>delatae</strong></span> <span class='ocrx_word' id='word_1_58' title='bbox 622 947 691 1007; x_wconf 77' lang='lat' dir='ltr'><strong>alibi</strong></span> <span class='ocrx_word' id='word_1_59' title='bbox 704 966 810 1007; x_wconf 85' lang='lat' dir='ltr'><strong>rursus</strong></span> <span class='ocrx_word' id='word_1_60' title='bbox 824 946 969 1028; x_wconf 76' lang='lat' dir='ltr'>compingi</span> <span class='ocrx_word' id='word_1_61' title='bbox 982 956 1112 1027; x_wconf 87' lang='lat' dir='ltr'><strong>possent.</strong></span> <span class='ocrx_word' id='word_1_62' title='bbox 1151 948 1214 1007; x_wconf 86' lang='lat' dir='ltr'><strong>eins</strong></span> <span class='ocrx_word' id='word_1_63' title='bbox 1229 949 1346 1026; x_wconf 74' lang='lat' dir='ltr'><strong>genui·</strong></span> 
     </span>
     <span class='ocr_line' id='line_1_9' title="bbox 250 1032 1345 1111; baseline -0.002 -17"><span class='ocrx_word' id='word_1_64' title='bbox 250 1034 375 1094; x_wconf 74' lang='lat' dir='ltr'><strong>videtur</strong></span> <span class='ocrx_word' id='word_1_65' title='bbox 392 1033 484 1095; x_wconf 77' lang='lat' dir='ltr'><strong>inissa</strong></span> <span class='ocrx_word' id='word_1_66' title='bbox 503 1033 646 1110; x_wconf 66' lang='lat' dir='ltr'><strong>uiuidior,</strong></span> <span class='ocrx_word' id='word_1_67' title='bbox 668 1032 752 1093; x_wconf 86' lang='lat' dir='ltr'><strong>cuius</strong></span> <span class='ocrx_word' id='word_1_68' title='bbox 764 1041 810 1093; x_wconf 90' lang='lat' dir='ltr'><strong>est</strong></span> <span class='ocrx_word' id='word_1_69' title='bbox 819 1032 931 1093; x_wconf 87' lang='lat' dir='ltr'><strong>mentio</strong></span> <span class='ocrx_word' id='word_1_70' title='bbox 944 1032 1021 1092; x_wconf 81' lang='lat' dir='ltr'><strong>inira</strong></span> <span class='ocrx_word' id='word_1_71' title='bbox 1033 1032 1087 1097; x_wconf 75' lang='lat' dir='ltr'><strong>lo</strong></span> <span class='ocrx_word' id='word_1_72' title='bbox 1101 1052 1127 1092; x_wconf 85' lang='lat' dir='ltr'><strong>o.</strong></span> <span class='ocrx_word' id='word_1_73' title='bbox 1140 1036 1180 1104; x_wconf 82' lang='grc'><strong>6,</strong></span> <span class='ocrx_word' id='word_1_74' title='bbox 1203 1051 1265 1111; x_wconf 88' lang='lat' dir='ltr'><strong>quo</strong></span> <span class='ocrx_word' id='word_1_75' title='bbox 1276 1034 1345 1093; x_wconf 82' lang='lat' dir='ltr'><strong>vieo</strong></span> 
     </span>
     <span class='ocr_line' id='line_1_10' title="bbox 249 1110 1345 1199; baseline 0.004 -20"><span class='ocrx_word' id='word_1_76' title='bbox 249 1120 379 1179; x_wconf 80' lang='lat' dir='ltr'><strong>relertrn·</strong></span> <span class='ocrx_word' id='word_1_77' title='bbox 400 1119 586 1199; x_wconf 70' lang='lat' dir='ltr'><strong>obstupuisse</strong></span> <span class='ocrx_word' id='word_1_78' title='bbox 605 1117 691 1178; x_wconf 87' lang='lat' dir='ltr'><strong>orslis</strong></span> <span class='ocrx_word' id='word_1_79' title='bbox 710 1117 828 1179; x_wconf 84' lang='lat' dir='ltr'><strong>Serbise</strong></span> <span class='ocrx_word' id='word_1_80' title='bbox 843 1117 1012 1199; x_wconf 79' lang='lat' dir='ltr'><strong>Stephanus</strong></span> <span class='ocrx_word' id='word_1_81' title='bbox 1023 1117 1137 1177; x_wconf 81' lang='lat' dir='ltr'><strong>Uresis:</strong></span> <span class='ocrx_word' id='word_1_82' title='bbox 1157 1110 1231 1181; x_wconf 74' lang='lat' dir='ltr'><strong>dut</strong></span> <span class='ocrx_word' id='word_1_83' title='bbox 1242 1117 1295 1181; x_wconf 75' lang='lat' dir='ltr'><strong>ut</strong></span> <span class='ocrx_word' id='word_1_84' title='bbox 1306 1114 1345 1183; x_wconf 68' lang='lat' dir='ltr'><strong>ee*</strong></span> 
     </span>
     <span class='ocr_line' id='line_1_11' title="bbox 249 1196 1244 1285; baseline -0.002 -20"><span class='ocrx_word' id='word_1_85' title='bbox 249 1201 471 1285; x_wconf 59' lang='lat' dir='ltr'><strong>scommata</strong></span> <span class='ocrx_word' id='word_1_86' title='bbox 492 1200 527 1269; x_wconf 68' lang='lat' dir='ltr'><strong>rs*</strong></span> <span class='ocrx_word' id='word_1_87' title='bbox 548 1202 583 1267; x_wconf 74' lang='lat' dir='ltr'><strong>is</strong></span> <span class='ocrx_word' id='word_1_88' title='bbox 600 1201 726 1279; x_wconf 68' lang='grc' dir='ltr'><strong>ἐκείνοις</strong></span> <span class='ocrx_word' id='word_1_89' title='bbox 751 1200 871 1284; x_wconf 71' lang='grc' dir='ltr'><strong><em>βλέπων</em></strong></span> <span class='ocrx_word' id='word_1_90' title='bbox 888 1196 1015 1282; x_wconf 61' lang='lat' dir='ltr'><strong>odolen</strong></span> <span class='ocrx_word' id='word_1_91' title='bbox 1038 1199 1092 1265; x_wconf 74' lang='lat' dir='ltr'><strong>sei</strong></span> <span class='ocrx_word' id='word_1_92' title='bbox 1115 1200 1340 1267; x_wconf 68' lang='grc' dir='ltr'><strong>οἰκίδιον</strong></span> 
     </span>
     <span class='ocr_line' id='line_1_12' title="bbox 250 1280 1341 1368; baseline -0.003 -15"><span class='ocrx_word' id='word_1_93' title='bbox 250 1284 457 1367; x_wconf 54' lang='lat' dir='ltr'><strong>balconium</strong></span> <span class='ocrx_word' id='word_1_94' title='bbox 470 1286 566 1367; x_wconf 71' lang='grc' dir='ltr'><strong><em>φησὶν</em></strong></span> <span class='ocrx_word' id='word_1_95' title='bbox 578 1289 612 1350; x_wconf 76' lang='grc' dir='ltr'><strong>αἲ</strong></span> <span class='ocrx_word' id='word_1_96' title='bbox 625 1289 673 1363; x_wconf 77' lang='lat' dir='ltr'><strong>ai,</strong></span> <span class='ocrx_word' id='word_1_97' title='bbox 694 1287 725 1349; x_wconf 83' lang='lat' dir='ltr'><strong>ei</strong></span> <span class='ocrx_word' id='word_1_98' title='bbox 737 1291 848 1366; x_wconf 70' lang='grc' dir='ltr'><strong><em>ταῦτας</em></strong></span> <span class='ocrx_word' id='word_1_99' title='bbox 868 1285 921 1350; x_wconf 74' lang='lat' dir='ltr'><strong>sci</strong></span> <span class='ocrx_word' id='word_1_100' title='bbox 933 1285 1008 1368; x_wconf 70' lang='grc' dir='ltr'><strong>ἡμῖν</strong></span> <span class='ocrx_word' id='word_1_101' title='bbox 1024 1280 1064 1352; x_wconf 83' lang='lat' dir='ltr'><strong>ou&#39;</strong></span> <span class='ocrx_word' id='word_1_102' title='bbox 1076 1280 1217 1367; x_wconf 75' lang='grc' dir='ltr'><strong><em>συνήθης</em></strong></span> <span class='ocrx_word' id='word_1_103' title='bbox 1228 1283 1300 1365; x_wconf 66' lang='grc' dir='ltr'><strong>αὕτη</strong></span> <span class='ocrx_word' id='word_1_104' title='bbox 1313 1285 1341 1367; x_wconf 61' lang='grc' dir='ltr'><em>ἦ</em></span> 
     </span>
     <span class='ocr_line' id='line_1_13' title="bbox 250 1371 1336 1452; baseline -0.006 -16"><span class='ocrx_word' id='word_1_105' title='bbox 250 1374 351 1436; x_wconf 73' lang='grc' dir='ltr'><strong><em>δίαιτα</em></strong></span> <span class='ocrx_word' id='word_1_106' title='bbox 361 1381 419 1432; x_wconf 80' lang='lat' dir='ltr'><strong>ete.</strong></span> <span class='ocrx_word' id='word_1_107' title='bbox 460 1390 536 1450; x_wconf 86' lang='lat' dir='ltr'><strong>qnae</strong></span> <span class='ocrx_word' id='word_1_108' title='bbox 547 1371 681 1432; x_wconf 86' lang='lat' dir='ltr'><strong>indicant</strong></span> <span class='ocrx_word' id='word_1_109' title='bbox 697 1391 766 1433; x_wconf 83' lang='lat' dir='ltr'><strong>eum</strong></span> <span class='ocrx_word' id='word_1_110' title='bbox 783 1372 840 1433; x_wconf 87' lang='lat' dir='ltr'><strong>ists</strong></span> <span class='ocrx_word' id='word_1_111' title='bbox 850 1373 945 1452; x_wconf 80' lang='lat' dir='ltr'><strong>specie</strong></span> <span class='ocrx_word' id='word_1_112' title='bbox 956 1371 1041 1451; x_wconf 84' lang='lat' dir='ltr'><strong>qussi</strong></span> <span class='ocrx_word' id='word_1_113' title='bbox 1053 1371 1137 1433; x_wconf 88' lang='lat' dir='ltr'><strong>nimii</strong></span> <span class='ocrx_word' id='word_1_114' title='bbox 1146 1371 1235 1432; x_wconf 85' lang='lat' dir='ltr'><strong>luxus</strong></span> <span class='ocrx_word' id='word_1_115' title='bbox 1245 1371 1336 1431; x_wconf 76' lang='lat' dir='ltr'><strong>oum-</strong></span> 
     </span>
     <span class='ocr_line' id='line_1_14' title="bbox 252 1453 1338 1538; baseline 0.004 -22"><span class='ocrx_word' id='word_1_116' title='bbox 252 1476 327 1518; x_wconf 85' lang='lat' dir='ltr'><strong>sum.</strong></span> <span class='ocrx_word' id='word_1_117' title='bbox 367 1455 480 1534; x_wconf 87' lang='lat' dir='ltr'><strong>aliquid</strong></span> <span class='ocrx_word' id='word_1_118' title='bbox 492 1457 581 1516; x_wconf 88' lang='lat' dir='ltr'><strong>etiam</strong></span> <span class='ocrx_word' id='word_1_119' title='bbox 594 1457 689 1517; x_wconf 83' lang='lat' dir='ltr'><strong>simile</strong></span> <span class='ocrx_word' id='word_1_120' title='bbox 702 1456 793 1519; x_wconf 80' lang='lat' dir='ltr'><strong>suerit</strong></span> <span class='ocrx_word' id='word_1_121' title='bbox 806 1453 932 1538; x_wconf 67' lang='lat' dir='ltr'><strong>sensus}</strong></span> <span class='ocrx_word' id='word_1_122' title='bbox 953 1456 1030 1532; x_wconf 70' lang='lat' dir='ltr'><strong>secie</strong></span> <span class='ocrx_word' id='word_1_123' title='bbox 1049 1454 1083 1520; x_wconf 73' lang='lat' dir='ltr'><strong>te</strong></span> <span class='ocrx_word' id='word_1_124' title='bbox 1099 1454 1221 1520; x_wconf 64' lang='lat' dir='ltr'><strong>status</strong></span> <span class='ocrx_word' id='word_1_125' title='bbox 1237 1458 1338 1538; x_wconf 53' lang='lat' dir='ltr'><strong>erede</strong></span> 
     </span>
     <span class='ocr_line' id='line_1_15' title="bbox 251 1535 1338 1623; baseline -0.002 -20"><span class='ocrx_word' id='word_1_126' title='bbox 251 1545 315 1618; x_wconf 75' lang='lat' dir='ltr'><strong>osis</strong></span> <span class='ocrx_word' id='word_1_127' title='bbox 339 1535 483 1622; x_wconf 74' lang='grc' dir='ltr'><strong>μιτᾶξης,</strong></span> <span class='ocrx_word' id='word_1_128' title='bbox 508 1561 598 1621; x_wconf 84' lang='lat' dir='ltr'><strong>quern</strong></span> <span class='ocrx_word' id='word_1_129' title='bbox 617 1542 781 1602; x_wconf 84' lang='lat' dir='ltr'><strong>monachus</strong></span> <span class='ocrx_word' id='word_1_130' title='bbox 806 1543 926 1602; x_wconf 90' lang='lat' dir='ltr'><strong>nomina</strong></span> <span class='ocrx_word' id='word_1_131' title='bbox 948 1541 1100 1623; x_wconf 86' lang='lat' dir='ltr'><strong>princeps,</strong></span> <span class='ocrx_word' id='word_1_132' title='bbox 1126 1541 1274 1603; x_wconf 77' lang='lat' dir='ltr'><strong>‹lodnoens</strong></span> <span class='ocrx_word' id='word_1_133' title='bbox 1298 1541 1338 1601; x_wconf 88' lang='lat' dir='ltr'><strong>ad</strong></span> 
     </span>
     <span class='ocr_line' id='line_1_16' title="bbox 251 1619 1339 1708; baseline 0.005 -23"><span class='ocrx_word' id='word_1_134' title='bbox 251 1624 364 1685; x_wconf 80' lang='lat' dir='ltr'><strong>Cbslsii</strong></span> <span class='ocrx_word' id='word_1_135' title='bbox 376 1625 580 1688; x_wconf 75' lang='lat' dir='ltr'><strong>Tocharorum</strong></span> <span class='ocrx_word' id='word_1_136' title='bbox 589 1627 751 1708; x_wconf 82' lang='lat' dir='ltr'><strong>principem</strong></span> <span class='ocrx_word' id='word_1_137' title='bbox 767 1647 903 1707; x_wconf 83' lang='lat' dir='ltr'><strong>sponsam</strong></span> <span class='ocrx_word' id='word_1_138' title='bbox 914 1625 1006 1686; x_wconf 81' lang='lat' dir='ltr'><strong>filiurn</strong></span> <span class='ocrx_word' id='word_1_139' title='bbox 1016 1619 1204 1708; x_wconf 76' lang='lat' dir='ltr'><strong>imperetoris</strong></span> <span class='ocrx_word' id='word_1_140' title='bbox 1216 1623 1276 1690; x_wconf 77' lang='lat' dir='ltr'><strong>sissi</strong></span> <span class='ocrx_word' id='word_1_141' title='bbox 1287 1649 1339 1707; x_wconf 81' lang='lat' dir='ltr'><strong>ps·</strong></span> 
     </span>
     <span class='ocr_line' id='line_1_17' title="bbox 251 1705 1339 1799; baseline 0.002 -25"><span class='ocrx_word' id='word_1_142' title='bbox 251 1705 358 1797; x_wconf 71' lang='lat' dir='ltr'><strong>ydiose</strong></span> <span class='ocrx_word' id='word_1_143' title='bbox 378 1712 559 1790; x_wconf 67' lang='lat' dir='ltr'><strong>patentiore</strong></span> <span class='ocrx_word' id='word_1_144' title='bbox 577 1710 629 1774; x_wconf 81' lang='lat' dir='ltr'><strong>sni</strong></span> <span class='ocrx_word' id='word_1_145' title='bbox 651 1707 795 1794; x_wconf 76' lang='grc' dir='ltr'><strong>ἇβρότησι</strong></span> <span class='ocrx_word' id='word_1_146' title='bbox 813 1707 933 1795; x_wconf 70' lang='grc' dir='ltr'><strong><em>συνάμα</em></strong></span> <span class='ocrx_word' id='word_1_147' title='bbox 947 1710 999 1775; x_wconf 78' lang='lat' dir='ltr'><strong>sai</strong></span> <span class='ocrx_word' id='word_1_148' title='bbox 1014 1708 1133 1799; x_wconf 73' lang='lat' dir='ltr'><strong>uiodtp</strong></span> <span class='ocrx_word' id='word_1_149' title='bbox 1147 1708 1339 1797; x_wconf 62' lang='lat' dir='ltr'><strong>nonoddup,</strong></span> 
     </span>
     <span class='ocr_line' id='line_1_18' title="bbox 252 1796 1339 1878; baseline 0.003 -24"><span class='ocrx_word' id='word_1_150' title='bbox 252 1796 437 1857; x_wconf 77' lang='lat' dir='ltr'><strong>circumtulit</strong></span> <span class='ocrx_word' id='word_1_151' title='bbox 460 1797 500 1859; x_wconf 93' lang='lat' dir='ltr'><strong>ad</strong></span> <span class='ocrx_word' id='word_1_152' title='bbox 521 1798 746 1859; x_wconf 71' lang='lat' dir='ltr'><strong>ostentationem</strong></span> <span class='ocrx_word' id='word_1_153' title='bbox 762 1797 1014 1878; x_wconf 81' lang='lat' dir='ltr'><strong>magnificentiee,</strong></span> <span class='ocrx_word' id='word_1_154' title='bbox 1039 1796 1116 1860; x_wconf 84' lang='lat' dir='ltr'><strong>utl.</strong></span> <span class='ocrx_word' id='word_1_155' title='bbox 1136 1801 1157 1863; x_wconf 78' lang='grc'><strong>8</strong></span> <span class='ocrx_word' id='word_1_156' title='bbox 1177 1817 1206 1864; x_wconf 79' lang='lat' dir='ltr'><strong>e.</strong></span> <span class='ocrx_word' id='word_1_157' title='bbox 1226 1802 1247 1865; x_wconf 78' lang='lat' dir='ltr'><strong>d</strong></span> <span class='ocrx_word' id='word_1_158' title='bbox 1266 1817 1339 1857; x_wconf 83' lang='lat' dir='ltr'><strong>ner·</strong></span> 
     </span>
     <span class='ocr_line' id='line_1_19' title="bbox 248 1891 349 1950; baseline 0.02 -9"><span class='ocrx_word' id='word_1_159' title='bbox 248 1891 349 1950; x_wconf 86' lang='lat' dir='ltr'><strong>ratur.</strong></span> 
     </span>
    </p>
   </div>
   <div class='ocr_carea' id='block_1_3' title="bbox 243 2001 1340 2682">
    <p class='ocr_par' dir='ltr' id='par_1_3' title="bbox 243 2001 1340 2682">
     <span class='ocr_line' id='line_1_20' title="bbox 305 2001 1340 2109; baseline 0.001 -38"><span class='ocrx_word' id='word_1_160' title='bbox 305 2084 314 2109; x_wconf 43' lang='grc' dir='ltr'>Ι</span> <span class='ocrx_word' id='word_1_161' title='bbox 336 2004 495 2092; x_wconf 77' lang='lat' dir='ltr'><strong>opipsos</strong></span> <span class='ocrx_word' id='word_1_162' title='bbox 514 2028 545 2089; x_wconf 80' lang='lat' dir='ltr'><strong>p.</strong></span> <span class='ocrx_word' id='word_1_163' title='bbox 559 2013 622 2078; x_wconf 82' lang='grc'><strong>860</strong></span> <span class='ocrx_word' id='word_1_164' title='bbox 635 2028 665 2074; x_wconf 73' lang='lat' dir='ltr'><strong>v.</strong></span> <span class='ocrx_word' id='word_1_165' title='bbox 679 2013 730 2078; x_wconf 80' lang='lat'><strong>18·</strong></span> <span class='ocrx_word' id='word_1_166' title='bbox 772 2001 1340 2092; x_wconf 66' lang='lat' dir='ltr'><strong>odropepioueorirolidyouerwidd·</strong></span> 
     </span>
     <span class='ocr_line' id='line_1_21' title="bbox 248 2093 1340 2174; baseline 0.002 -22"><span class='ocrx_word' id='word_1_167' title='bbox 248 2114 340 2168; x_wconf 77' lang='grc' dir='ltr'><strong><em>φους.</em></strong></span> <span class='ocrx_word' id='word_1_168' title='bbox 380 2093 529 2173; x_wconf 87' lang='lat' dir='ltr'><strong>religiosos</strong></span> <span class='ocrx_word' id='word_1_169' title='bbox 539 2095 687 2171; x_wconf 77' lang='lat' dir='ltr'><strong>videlieet,</strong></span> <span class='ocrx_word' id='word_1_170' title='bbox 699 2098 902 2174; x_wconf 82' lang='lat' dir='ltr'><strong>quosfrutree</strong></span> <span class='ocrx_word' id='word_1_171' title='bbox 912 2114 1022 2156; x_wconf 80' lang='lat' dir='ltr'><strong>vocene</strong></span> <span class='ocrx_word' id='word_1_172' title='bbox 1033 2094 1092 2155; x_wconf 86' lang='lat' dir='ltr'><strong>ianr</strong></span> <span class='ocrx_word' id='word_1_173' title='bbox 1103 2103 1170 2155; x_wconf 89' lang='lat' dir='ltr'><strong>tum</strong></span> <span class='ocrx_word' id='word_1_174' title='bbox 1183 2093 1265 2173; x_wconf 81' lang='lat' dir='ltr'><strong>apud</strong></span> <span class='ocrx_word' id='word_1_175' title='bbox 1277 2094 1340 2155; x_wconf 83' lang='lat' dir='ltr'><strong>lte-</strong></span> 
     </span>
     <span class='ocr_line' id='line_1_22' title="bbox 247 2176 1340 2262; baseline 0.004 -26"><span class='ocrx_word' id='word_1_176' title='bbox 247 2176 295 2237; x_wconf 91' lang='lat' dir='ltr'><strong>los</strong></span> <span class='ocrx_word' id='word_1_177' title='bbox 305 2177 483 2240; x_wconf 74' lang='lat' dir='ltr'><strong>invaluerat.</strong></span> <span class='ocrx_word' id='word_1_178' title='bbox 524 2180 602 2240; x_wconf 89' lang='lat' dir='ltr'><strong>Galli</strong></span> <span class='ocrx_word' id='word_1_179' title='bbox 617 2182 680 2242; x_wconf 82' lang='lat' dir='ltr'><strong>sive</strong></span> <span class='ocrx_word' id='word_1_180' title='bbox 691 2181 813 2253; x_wconf 78' lang='lat' dir='ltr'><strong>Franci,</strong></span> <span class='ocrx_word' id='word_1_181' title='bbox 834 2200 944 2259; x_wconf 80' lang='lat' dir='ltr'><strong>exque</strong></span> <span class='ocrx_word' id='word_1_182' title='bbox 956 2190 1042 2259; x_wconf 89' lang='lat' dir='ltr'><strong>gente</strong></span> <span class='ocrx_word' id='word_1_183' title='bbox 1055 2178 1176 2262; x_wconf 88' lang='lat' dir='ltr'><strong>plurimi</strong></span> <span class='ocrx_word' id='word_1_184' title='bbox 1191 2181 1340 2240; x_wconf 79' lang='lat' dir='ltr'><strong>Constan-</strong></span> 
     </span>
     <span class='ocr_line' id='line_1_23' title="bbox 246 2261 1339 2345; baseline 0.003 -25"><span class='ocrx_word' id='word_1_185' title='bbox 246 2261 375 2340; x_wconf 86' lang='lat' dir='ltr'><strong>tinopoli</strong></span> <span class='ocrx_word' id='word_1_186' title='bbox 387 2272 418 2323; x_wconf 90' lang='lat' dir='ltr'><strong>et</strong></span> <span class='ocrx_word' id='word_1_187' title='bbox 428 2264 535 2345; x_wconf 86' lang='lat' dir='ltr'><strong>passim</strong></span> <span class='ocrx_word' id='word_1_188' title='bbox 548 2284 602 2345; x_wconf 71' lang='lat' dir='ltr'><strong>pm</strong></span> <span class='ocrx_word' id='word_1_189' title='bbox 615 2266 766 2327; x_wconf 80' lang='lat' dir='ltr'><strong>Orientem</strong></span> <span class='ocrx_word' id='word_1_190' title='bbox 777 2266 930 2344; x_wconf 73' lang='lat' dir='ltr'><strong>degebant,</strong></span> <span class='ocrx_word' id='word_1_191' title='bbox 950 2267 1171 2343; x_wconf 55' lang='lat' dir='ltr'><strong>inadustis-ss,</strong></span> <span class='ocrx_word' id='word_1_192' title='bbox 1189 2273 1225 2325; x_wconf 93' lang='lat' dir='ltr'><strong>ut</strong></span> <span class='ocrx_word' id='word_1_193' title='bbox 1238 2262 1339 2341; x_wconf 85' lang='lat' dir='ltr'><strong>bodie,</strong></span> 
     </span>
     <span class='ocr_line' id='line_1_24' title="bbox 245 2345 1338 2434; baseline 0.004 -30"><span class='ocrx_word' id='word_1_194' title='bbox 245 2345 403 2422; x_wconf 85' lang='lat' dir='ltr'><strong>dicebant;</strong></span> <span class='ocrx_word' id='word_1_195' title='bbox 422 2348 503 2408; x_wconf 89' lang='lat' dir='ltr'><strong>unde</strong></span> <span class='ocrx_word' id='word_1_196' title='bbox 516 2350 623 2410; x_wconf 81' lang='lat' dir='ltr'><strong>Graeci</strong></span> <span class='ocrx_word' id='word_1_197' title='bbox 637 2371 742 2412; x_wconf 83' lang='lat' dir='ltr'><strong>vocem</strong></span> <span class='ocrx_word' id='word_1_198' title='bbox 755 2353 898 2434; x_wconf 71' lang='lat' dir='ltr'><strong>pospioog</strong></span> <span class='ocrx_word' id='word_1_199' title='bbox 910 2352 1090 2417; x_wconf 74' lang='lat' dir='ltr'><strong>formarunt</strong></span> <span class='ocrx_word' id='word_1_200' title='bbox 1109 2359 1232 2429; x_wconf 81' lang='lat' dir='ltr'><strong>usmpat</strong></span> <span class='ocrx_word' id='word_1_201' title='bbox 1241 2369 1338 2428; x_wconf 83' lang='lat' dir='ltr'><strong>por-to</strong></span> 
     </span>
     <span class='ocr_line' id='line_1_25' title="bbox 244 2428 1333 2517; baseline 0.004 -29"><span class='ocrx_word' id='word_1_202' title='bbox 244 2437 346 2489; x_wconf 86' lang='lat' dir='ltr'><strong>noster</strong></span> <span class='ocrx_word' id='word_1_203' title='bbox 363 2428 423 2490; x_wconf 88' lang='lat' dir='ltr'><strong>boc</strong></span> <span class='ocrx_word' id='word_1_204' title='bbox 437 2433 617 2495; x_wconf 82' lang='lat' dir='ltr'><strong>vocabulum</strong></span> <span class='ocrx_word' id='word_1_205' title='bbox 631 2445 661 2496; x_wconf 90' lang='lat' dir='ltr'><strong>et</strong></span> <span class='ocrx_word' id='word_1_206' title='bbox 676 2436 746 2496; x_wconf 83' lang='lat' dir='ltr'><strong>alibi</strong></span> <span class='ocrx_word' id='word_1_207' title='bbox 757 2436 880 2517; x_wconf 75' lang='lat' dir='ltr'><strong>saepius</strong></span> <span class='ocrx_word' id='word_1_208' title='bbox 922 2446 1010 2497; x_wconf 85' lang='lat' dir='ltr'><strong>erant</strong></span> <span class='ocrx_word' id='word_1_209' title='bbox 1022 2435 1055 2497; x_wconf 89' lang='lat' dir='ltr'><strong>lri</strong></span> <span class='ocrx_word' id='word_1_210' title='bbox 1067 2435 1195 2513; x_wconf 78' lang='lat' dir='ltr'><strong>pinique</strong></span> <span class='ocrx_word' id='word_1_211' title='bbox 1210 2433 1333 2492; x_wconf 85' lang='lat' dir='ltr'><strong>essoris</strong></span> 
     </span>
     <span class='ocr_line' id='line_1_26' title="bbox 243 2513 1328 2604; baseline -0.001 -28"><span class='ocrx_word' id='word_1_212' title='bbox 243 2513 361 2576; x_wconf 70' lang='lat' dir='ltr'><strong>familiis</strong></span> <span class='ocrx_word' id='word_1_213' title='bbox 375 2516 426 2575; x_wconf 83' lang='lat'><strong>88.</strong></span> <span class='ocrx_word' id='word_1_214' title='bbox 440 2515 591 2578; x_wconf 80' lang='lat' dir='ltr'><strong>l&#39;rsncisci</strong></span> <span class='ocrx_word' id='word_1_215' title='bbox 604 2528 634 2579; x_wconf 89' lang='lat' dir='ltr'><strong>et</strong></span> <span class='ocrx_word' id='word_1_216' title='bbox 649 2521 809 2597; x_wconf 82' lang='lat' dir='ltr'><strong>Dominici3</strong></span> <span class='ocrx_word' id='word_1_217' title='bbox 830 2541 1010 2604; x_wconf 85' lang='lat' dir='ltr'><strong>quamquem</strong></span> <span class='ocrx_word' id='word_1_218' title='bbox 1023 2531 1051 2581; x_wconf 85' lang='lat' dir='ltr'><strong>et</strong></span> <span class='ocrx_word' id='word_1_219' title='bbox 1060 2517 1220 2578; x_wconf 70' lang='lat' dir='ltr'><strong>Melitenen</strong></span> <span class='ocrx_word' id='word_1_220' title='bbox 1238 2517 1328 2594; x_wconf 75' lang='lat' dir='ltr'><strong>squi-</strong></span> 
     </span>
     <span class='ocr_line' id='line_1_27' title="bbox 244 2599 1026 2682; baseline 0.01 -21"><span class='ocrx_word' id='word_1_221' title='bbox 244 2609 290 2661; x_wconf 92' lang='lat' dir='ltr'><strong>tes</strong></span> <span class='ocrx_word' id='word_1_222' title='bbox 304 2599 393 2682; x_wconf 61' lang='lat' dir='ltr'><strong>apud⁸</strong></span> <span class='ocrx_word' id='word_1_223' title='bbox 401 2601 641 2665; x_wconf 61' lang='lat' dir='ltr'><strong>&amp;numerium</strong></span> <span class='ocrx_word' id='word_1_224' title='bbox 654 2605 760 2665; x_wconf 80' lang='lat' dir='ltr'><strong>frerioe</strong></span> <span class='ocrx_word' id='word_1_225' title='bbox 772 2605 909 2667; x_wconf 75' lang='lat' dir='ltr'><strong>videmus</strong></span> <span class='ocrx_word' id='word_1_226' title='bbox 921 2606 1026 2670; x_wconf 69' lang='lat' dir='ltr'><strong>timot</strong></span> 
     </span>
    </p>
   </div>
   <div class='ocr_carea' id='block_1_4' title="bbox 237 2724 1341 4344">
    <p class='ocr_par' dir='ltr' id='par_1_4' title="bbox 237 2724 1341 4344">
     <span class='ocr_line' id='line_1_28' title="bbox 329 2724 1327 2812; baseline -0.001 -20"><span class='ocrx_word' id='word_1_227' title='bbox 329 2724 487 2810; x_wconf 65' lang='lat' dir='ltr'><strong>posset</strong></span> <span class='ocrx_word' id='word_1_228' title='bbox 507 2726 652 2810; x_wconf 68' lang='grc' dir='ltr'><strong>ἡμέρας</strong></span> <span class='ocrx_word' id='word_1_229' title='bbox 670 2751 702 2812; x_wconf 82' lang='lat' dir='ltr'><strong>p.</strong></span> <span class='ocrx_word' id='word_1_230' title='bbox 714 2728 776 2798; x_wconf 77' lang='lat'><strong>245</strong></span> <span class='ocrx_word' id='word_1_231' title='bbox 791 2751 822 2792; x_wconf 82' lang='lat' dir='ltr'><strong>v.</strong></span> <span class='ocrx_word' id='word_1_232' title='bbox 839 2737 871 2799; x_wconf 84' lang='lat'><strong>1.</strong></span> <span class='ocrx_word' id='word_1_233' title='bbox 912 2741 947 2793; x_wconf 90' lang='lat' dir='ltr'><strong>ut</strong></span> <span class='ocrx_word' id='word_1_234' title='bbox 960 2751 1041 2807; x_wconf 85' lang='lat' dir='ltr'><strong>nox,</strong></span> <span class='ocrx_word' id='word_1_235' title='bbox 1059 2724 1327 2791; x_wconf 77' lang='lat' dir='ltr'><strong>itaetdies&#39;mcu·</strong></span> 
     </span>
     <span class='ocr_line' id='line_1_29' title="bbox 245 2810 1331 2896; baseline -0.003 -23"><span class='ocrx_word' id='word_1_236' title='bbox 245 2812 356 2873; x_wconf 88' lang='lat' dir='ltr'><strong>stodias</strong></span> <span class='ocrx_word' id='word_1_237' title='bbox 371 2824 501 2893; x_wconf 86' lang='lat' dir='ltr'><strong>quatuor</strong></span> <span class='ocrx_word' id='word_1_238' title='bbox 515 2814 719 2892; x_wconf 83' lang='lat' dir='ltr'><strong>dividebatur,</strong></span> <span class='ocrx_word' id='word_1_239' title='bbox 738 2816 833 2877; x_wconf 86' lang='lat' dir='ltr'><strong>trium</strong></span> <span class='ocrx_word' id='word_1_240' title='bbox 847 2818 1009 2896; x_wconf 72' lang='lat' dir='ltr'><strong>quamlibet</strong></span> <span class='ocrx_word' id='word_1_241' title='bbox 1020 2815 1171 2876; x_wconf 80' lang='lat' dir='ltr'><strong>bornum.</strong></span> <span class='ocrx_word' id='word_1_242' title='bbox 1207 2810 1267 2872; x_wconf 87' lang='lat' dir='ltr'><strong>boc</strong></span> <span class='ocrx_word' id='word_1_243' title='bbox 1281 2829 1331 2870; x_wconf 85' lang='lat' dir='ltr'><strong>se-</strong></span> 
     </span>
     <span class='ocr_line' id='line_1_30' title="bbox 246 2893 1334 2982; baseline 0 -25"><span class='ocrx_word' id='word_1_244' title='bbox 246 2907 334 2959; x_wconf 90' lang='lat' dir='ltr'><strong>cutus</strong></span> <span class='ocrx_word' id='word_1_245' title='bbox 357 2893 499 2982; x_wconf 73' lang='grc' dir='ltr'><strong><em>φυλακήν</em></strong></span> <span class='ocrx_word' id='word_1_246' title='bbox 515 2899 661 2962; x_wconf 91' lang='lat' dir='ltr'><strong>boc-loco</strong></span> <span class='ocrx_word' id='word_1_247' title='bbox 681 2901 760 2963; x_wconf 78' lang='lat' dir='ltr'><strong>verti</strong></span> <span class='ocrx_word' id='word_1_248' title='bbox 781 2903 964 2979; x_wconf 73' lang='lat' dir='ltr'><strong>triburium,</strong></span> <span class='ocrx_word' id='word_1_249' title='bbox 984 2922 1075 2982; x_wconf 85' lang='lat' dir='ltr'><strong>quam</strong></span> <span class='ocrx_word' id='word_1_250' title='bbox 1094 2918 1197 2962; x_wconf 82' lang='lat' dir='ltr'><strong>vocem</strong></span> <span class='ocrx_word' id='word_1_251' title='bbox 1215 2895 1334 2957; x_wconf 87' lang='lat' dir='ltr'><strong>memini</strong></span> 
     </span>
     <span class='ocr_line' id='line_1_31' title="bbox 245 2982 1335 3068; baseline 0.004 -25"><span class='ocrx_word' id='word_1_252' title='bbox 245 3002 294 3043; x_wconf 88' lang='lat' dir='ltr'><strong>me</strong></span> <span class='ocrx_word' id='word_1_253' title='bbox 309 2984 405 3064; x_wconf 89' lang='lat' dir='ltr'><strong>legere</strong></span> <span class='ocrx_word' id='word_1_254' title='bbox 422 2985 502 3067; x_wconf 89' lang='lat' dir='ltr'><strong>apud</strong></span> <span class='ocrx_word' id='word_1_255' title='bbox 516 2994 669 3047; x_wconf 85' lang='lat' dir='ltr'><strong>auctorem</strong></span> <span class='ocrx_word' id='word_1_256' title='bbox 682 2987 753 3048; x_wconf 84' lang='lat' dir='ltr'><strong>estis</strong></span> <span class='ocrx_word' id='word_1_257' title='bbox 769 2989 925 3066; x_wconf 86' lang='lat' dir='ltr'><strong>antiquum</strong></span> <span class='ocrx_word' id='word_1_258' title='bbox 935 3007 991 3049; x_wconf 91' lang='lat' dir='ltr'><strong>uec</strong></span> <span class='ocrx_word' id='word_1_259' title='bbox 1006 2986 1209 3068; x_wconf 72' lang='lat' dir='ltr'><strong>indiligentem</strong></span> <span class='ocrx_word' id='word_1_260' title='bbox 1220 2982 1335 3043; x_wconf 72' lang='lat' dir='ltr'><strong>latini-</strong></span> 
     </span>
     <span class='ocr_line' id='line_1_32' title="bbox 245 3067 1339 3155; baseline 0.003 -29"><span class='ocrx_word' id='word_1_261' title='bbox 245 3068 320 3127; x_wconf 84' lang='lat' dir='ltr'><strong>tstis</strong></span> <span class='ocrx_word' id='word_1_262' title='bbox 340 3069 505 3133; x_wconf 78' lang='lat' dir='ltr'><strong>Ausonium</strong></span> <span class='ocrx_word' id='word_1_263' title='bbox 525 3071 556 3133; x_wconf 89' lang='lat' dir='ltr'><strong>in</strong></span> <span class='ocrx_word' id='word_1_264' title='bbox 575 3071 705 3134; x_wconf 80' lang='lat' dir='ltr'><strong>Mosella.</strong></span> <span class='ocrx_word' id='word_1_265' title='bbox 745 3072 903 3134; x_wconf 78' lang='lat' dir='ltr'><strong>Vaticanus</strong></span> <span class='ocrx_word' id='word_1_266' title='bbox 916 3072 1089 3155; x_wconf 84' lang='lat' dir='ltr'><strong>postverbs</strong></span> <span class='ocrx_word' id='word_1_267' title='bbox 1104 3090 1182 3151; x_wconf 71' lang='lat' dir='ltr'><strong>quta</strong></span> <span class='ocrx_word' id='word_1_268' title='bbox 1198 3067 1339 3148; x_wconf 77' lang='lat' dir='ltr'><strong>descripsi</strong></span> 
     </span>
     <span class='ocr_line' id='line_1_33' title="bbox 245 3151 1337 3236; baseline 0.001 -25"><span class='ocrx_word' id='word_1_269' title='bbox 245 3151 388 3230; x_wconf 74' lang='lat' dir='ltr'><strong>glossema</strong></span> <span class='ocrx_word' id='word_1_270' title='bbox 407 3177 494 3218; x_wconf 86' lang='lat' dir='ltr'><strong>suum</strong></span> <span class='ocrx_word' id='word_1_271' title='bbox 510 3157 661 3236; x_wconf 82' lang='lat' dir='ltr'><strong>quoddam</strong></span> <span class='ocrx_word' id='word_1_272' title='bbox 673 3157 791 3218; x_wconf 77' lang='lat' dir='ltr'><strong>infercit</strong></span> <span class='ocrx_word' id='word_1_273' title='bbox 810 3179 873 3220; x_wconf 88' lang='lat' dir='ltr'><strong>non</strong></span> <span class='ocrx_word' id='word_1_274' title='bbox 892 3158 982 3219; x_wconf 76' lang='lat' dir='ltr'><strong>ualde</strong></span> <span class='ocrx_word' id='word_1_275' title='bbox 1004 3167 1193 3233; x_wconf 74' lang='lat' dir='ltr'><strong>securatam,</strong></span> <span class='ocrx_word' id='word_1_276' title='bbox 1213 3155 1257 3214; x_wconf 87' lang='lat' dir='ltr'><strong>sic</strong></span> <span class='ocrx_word' id='word_1_277' title='bbox 1278 3172 1337 3212; x_wconf 88' lang='lat' dir='ltr'><strong>ex·</strong></span> 
     </span>
     <span class='ocr_line' id='line_1_34' title="bbox 245 3234 1339 3347; baseline 0.005 -52"><span class='ocrx_word' id='word_1_278' title='bbox 245 3239 376 3317; x_wconf 85' lang='lat' dir='ltr'><strong>primens</strong></span> <span class='ocrx_word' id='word_1_279' title='bbox 389 3239 472 3302; x_wconf 87' lang='lat' dir='ltr'><strong>bunc</strong></span> <span class='ocrx_word' id='word_1_280' title='bbox 484 3243 596 3303; x_wconf 84' lang='lat' dir='ltr'><strong>locum:</strong></span> <span class='ocrx_word' id='word_1_281' title='bbox 615 3238 718 3347; x_wconf 49' lang='grc' dir='ltr'><strong><em>πρόῃ]</em></strong></span> <span class='ocrx_word' id='word_1_282' title='bbox 732 3244 838 3307; x_wconf 72' lang='grc' dir='ltr'><strong><em>τοίνυν</em></strong></span> <span class='ocrx_word' id='word_1_283' title='bbox 849 3247 972 3331; x_wconf 74' lang='grc' dir='ltr'><strong><em>φυλακῇ</em></strong></span> <span class='ocrx_word' id='word_1_284' title='bbox 985 3247 1040 3324; x_wconf 73' lang='grc' dir='ltr'><strong>τῆς</strong></span> <span class='ocrx_word' id='word_1_285' title='bbox 1054 3240 1182 3324; x_wconf 64' lang='grc' dir='ltr'><strong>ἡμέρας,</strong></span> <span class='ocrx_word' id='word_1_286' title='bbox 1207 3234 1274 3303; x_wconf 68' lang='lat' dir='ltr'><strong>olor</strong></span> <span class='ocrx_word' id='word_1_287' title='bbox 1290 3238 1339 3301; x_wconf 79' lang='lat' dir='ltr'><strong>ei·</strong></span> 
     </span>
     <span class='ocr_line' id='line_1_35' title="bbox 244 3321 1340 3410; baseline 0.001 -29"><span class='ocrx_word' id='word_1_288' title='bbox 244 3326 314 3383; x_wconf 75' lang='lat' dir='ltr'><strong>ersis</strong></span> <span class='ocrx_word' id='word_1_289' title='bbox 330 3321 418 3406; x_wconf 74' lang='lat' dir='ltr'><strong>lyysic</strong></span> <span class='ocrx_word' id='word_1_290' title='bbox 431 3321 511 3390; x_wconf 76' lang='lat' dir='ltr'><strong>risus</strong></span> <span class='ocrx_word' id='word_1_291' title='bbox 521 3325 665 3410; x_wconf 60' lang='grc' dir='ltr'><strong>τέσσαρας</strong></span> <span class='ocrx_word' id='word_1_292' title='bbox 677 3352 758 3409; x_wconf 67' lang='lat' dir='ltr'><strong>uper</strong></span> <span class='ocrx_word' id='word_1_293' title='bbox 771 3331 826 3408; x_wconf 76' lang='grc' dir='ltr'><strong>τῆς</strong></span> <span class='ocrx_word' id='word_1_294' title='bbox 839 3326 959 3410; x_wconf 58' lang='grc' dir='ltr'><strong>ἡμέρας.</strong></span> <span class='ocrx_word' id='word_1_295' title='bbox 981 3327 1054 3407; x_wconf 87' lang='lat' dir='ltr'><strong>quid</strong></span> <span class='ocrx_word' id='word_1_296' title='bbox 1064 3328 1107 3387; x_wconf 82' lang='lat' dir='ltr'><strong>ita</strong></span> <span class='ocrx_word' id='word_1_297' title='bbox 1117 3326 1215 3387; x_wconf 81' lang='lat' dir='ltr'><strong>rero&#39;l</strong></span> <span class='ocrx_word' id='word_1_298' title='bbox 1234 3342 1340 3385; x_wconf 86' lang='lat' dir='ltr'><strong>nonne</strong></span> 
     </span>
     <span class='ocr_line' id='line_1_36' title="bbox 242 3406 1340 3484; baseline 0.005 -21"><span class='ocrx_word' id='word_1_299' title='bbox 242 3406 344 3484; x_wconf 91' lang='lat' dir='ltr'><strong>potuit</strong></span> <span class='ocrx_word' id='word_1_300' title='bbox 358 3418 464 3471; x_wconf 87' lang='lat' dir='ltr'><strong>auctor</strong></span> <span class='ocrx_word' id='word_1_301' title='bbox 478 3412 611 3473; x_wconf 80' lang='lat' dir='ltr'><strong>indicere</strong></span> <span class='ocrx_word' id='word_1_302' title='bbox 621 3412 749 3474; x_wconf 77' lang='lat' dir='ltr'><strong>voluisse</strong></span> <span class='ocrx_word' id='word_1_303' title='bbox 756 3413 876 3474; x_wconf 89' lang='lat' dir='ltr'><strong>initium</strong></span> <span class='ocrx_word' id='word_1_304' title='bbox 889 3413 1042 3473; x_wconf 85' lang='lat' dir='ltr'><strong>custodiae</strong></span> <span class='ocrx_word' id='word_1_305' title='bbox 1052 3409 1256 3483; x_wconf 85' lang='lat' dir='ltr'><strong>siretrihorii,</strong></span> <span class='ocrx_word' id='word_1_306' title='bbox 1272 3429 1340 3469; x_wconf 89' lang='lat' dir='ltr'><strong>non</strong></span> 
     </span>
     <span class='ocr_line' id='line_1_37' title="bbox 243 3492 1340 3579; baseline 0.007 -32"><span class='ocrx_word' id='word_1_307' title='bbox 243 3496 342 3550; x_wconf 85' lang='lat' dir='ltr'><strong>autern</strong></span> <span class='ocrx_word' id='word_1_308' title='bbox 355 3492 491 3555; x_wconf 79' lang='lat' dir='ltr'><strong>ultimam</strong></span> <span class='ocrx_word' id='word_1_309' title='bbox 505 3498 568 3558; x_wconf 86' lang='lat' dir='ltr'><strong>eius</strong></span> <span class='ocrx_word' id='word_1_310' title='bbox 579 3507 694 3579; x_wconf 86' lang='lat' dir='ltr'><strong>partem</strong></span> <span class='ocrx_word' id='word_1_311' title='bbox 708 3499 876 3578; x_wconf 82' lang='lat' dir='ltr'><strong>contiguum</strong></span> <span class='ocrx_word' id='word_1_312' title='bbox 888 3496 982 3559; x_wconf 87' lang='lat' dir='ltr'><strong>borae</strong></span> <span class='ocrx_word' id='word_1_313' title='bbox 995 3496 1054 3571; x_wconf 86' lang='lat' dir='ltr'><strong>diei</strong></span> <span class='ocrx_word' id='word_1_314' title='bbox 1068 3497 1218 3575; x_wconf 76' lang='lat' dir='ltr'><strong>quur-trel</strong></span> <span class='ocrx_word' id='word_1_315' title='bbox 1242 3495 1340 3556; x_wconf 86' lang='lat' dir='ltr'><strong>immo</strong></span> 
     </span>
     <span class='ocr_line' id='line_1_38' title="bbox 241 3576 1341 3666; baseline 0.005 -31"><span class='ocrx_word' id='word_1_316' title='bbox 241 3592 315 3635; x_wconf 76' lang='lat' dir='ltr'><strong>vero</strong></span> <span class='ocrx_word' id='word_1_317' title='bbox 338 3576 416 3638; x_wconf 82' lang='lat' dir='ltr'><strong>clue</strong></span> <span class='ocrx_word' id='word_1_318' title='bbox 439 3580 583 3658; x_wconf 83' lang='lat' dir='ltr'><strong>significet</strong></span> <span class='ocrx_word' id='word_1_319' title='bbox 598 3584 636 3644; x_wconf 87' lang='lat' dir='ltr'><strong>ds</strong></span> <span class='ocrx_word' id='word_1_320' title='bbox 652 3583 815 3666; x_wconf 87' lang='lat' dir='ltr'><strong>principio,</strong></span> <span class='ocrx_word' id='word_1_321' title='bbox 834 3604 897 3644; x_wconf 88' lang='lat' dir='ltr'><strong>non</strong></span> <span class='ocrx_word' id='word_1_322' title='bbox 912 3583 950 3644; x_wconf 86' lang='lat' dir='ltr'><strong>ds</strong></span> <span class='ocrx_word' id='word_1_323' title='bbox 967 3583 1027 3644; x_wconf 84' lang='lat' dir='ltr'><strong>tine</strong></span> <span class='ocrx_word' id='word_1_324' title='bbox 1039 3580 1129 3664; x_wconf 86' lang='lat' dir='ltr'><strong>primi</strong></span> <span class='ocrx_word' id='word_1_325' title='bbox 1143 3580 1204 3641; x_wconf 90' lang='lat' dir='ltr'><strong>diei</strong></span> <span class='ocrx_word' id='word_1_326' title='bbox 1216 3579 1341 3641; x_wconf 87' lang='lat' dir='ltr'><strong>trihorii</strong></span> 
     </span>
     <span class='ocr_line' id='line_1_39' title="bbox 240 3659 1340 3750; baseline 0.009 -30"><span class='ocrx_word' id='word_1_327' title='bbox 240 3679 273 3720; x_wconf 82' lang='lat' dir='ltr'><strong>se</strong></span> <span class='ocrx_word' id='word_1_328' title='bbox 292 3661 391 3741; x_wconf 86' lang='lat' dir='ltr'><strong>loqui,</strong></span> <span class='ocrx_word' id='word_1_329' title='bbox 413 3662 486 3723; x_wconf 88' lang='lat' dir='ltr'><strong>dum</strong></span> <span class='ocrx_word' id='word_1_330' title='bbox 499 3685 572 3727; x_wconf 87' lang='lat' dir='ltr'><strong>mox</strong></span> <span class='ocrx_word' id='word_1_331' title='bbox 582 3676 651 3747; x_wconf 88' lang='lat' dir='ltr'><strong>post</strong></span> <span class='ocrx_word' id='word_1_332' title='bbox 662 3669 787 3730; x_wconf 85' lang='lat' dir='ltr'><strong>recitata</strong></span> <span class='ocrx_word' id='word_1_333' title='bbox 798 3669 890 3730; x_wconf 78' lang='lat' dir='ltr'><strong>verbe</strong></span> <span class='ocrx_word' id='word_1_334' title='bbox 903 3668 1055 3750; x_wconf 88' lang='lat' dir='ltr'><strong>subiungit</strong></span> <span class='ocrx_word' id='word_1_335' title='bbox 1064 3659 1340 3750; x_wconf 66' lang='grc' dir='ltr'><strong><em>ὄπεραναβεβηπὸ·</em></strong></span> 
     </span>
     <span class='ocr_line' id='line_1_40' title="bbox 240 3744 1340 3834; baseline 0.003 -25"><span class='ocrx_word' id='word_1_336' title='bbox 240 3769 292 3821; x_wconf 75' lang='grc' dir='ltr'><strong>τος</strong></span> <span class='ocrx_word' id='word_1_337' title='bbox 310 3744 361 3811; x_wconf 74' lang='grc' dir='ltr'><strong>τὸν</strong></span> <span class='ocrx_word' id='word_1_338' title='bbox 378 3746 516 3831; x_wconf 69' lang='grc' dir='ltr'><strong>ὁρίζοντα</strong></span> <span class='ocrx_word' id='word_1_339' title='bbox 534 3756 593 3815; x_wconf 76' lang='grc' dir='ltr'><strong>τοῦ</strong></span> <span class='ocrx_word' id='word_1_340' title='bbox 610 3751 717 3834; x_wconf 72' lang='lat' dir='ltr'><strong>sfiiou,</strong></span> <span class='ocrx_word' id='word_1_341' title='bbox 740 3772 816 3833; x_wconf 87' lang='lat' dir='ltr'><strong>quse</strong></span> <span class='ocrx_word' id='word_1_342' title='bbox 835 3755 868 3815; x_wconf 90' lang='lat' dir='ltr'><strong>in</strong></span> <span class='ocrx_word' id='word_1_343' title='bbox 888 3753 993 3814; x_wconf 72' lang='lat' dir='ltr'><strong>nott</strong></span> <span class='ocrx_word' id='word_1_344' title='bbox 1013 3752 1103 3819; x_wconf 77' lang='lat' dir='ltr'><strong>codd.</strong></span> <span class='ocrx_word' id='word_1_345' title='bbox 1119 3753 1262 3832; x_wconf 89' lang='lat' dir='ltr'><strong>leguntur</strong></span> <span class='ocrx_word' id='word_1_346' title='bbox 1271 3793 1284 3827; x_wconf 85' lang='lat'><strong><em>,</em></strong></span> <span class='ocrx_word' id='word_1_347' title='bbox 1303 3760 1340 3812; x_wconf 87' lang='lat' dir='ltr'><strong>et</strong></span> 
     </span>
     <span class='ocr_line' id='line_1_41' title="bbox 238 3830 1340 3918; baseline 0.004 -27"><span class='ocrx_word' id='word_1_348' title='bbox 238 3830 308 3892; x_wconf 89' lang='lat' dir='ltr'><strong>lieet</strong></span> <span class='ocrx_word' id='word_1_349' title='bbox 321 3832 355 3893; x_wconf 92' lang='lat' dir='ltr'><strong>in</strong></span> <span class='ocrx_word' id='word_1_350' title='bbox 366 3834 393 3896; x_wconf 84' lang='lat' dir='ltr'>V</span> <span class='ocrx_word' id='word_1_351' title='bbox 408 3856 469 3896; x_wconf 89' lang='lat' dir='ltr'><strong>non</strong></span> <span class='ocrx_word' id='word_1_352' title='bbox 491 3847 697 3918; x_wconf 83' lang='lat' dir='ltr'><strong>compareant,</strong></span> <span class='ocrx_word' id='word_1_353' title='bbox 717 3859 779 3899; x_wconf 92' lang='lat' dir='ltr'><strong>nou</strong></span> <span class='ocrx_word' id='word_1_354' title='bbox 791 3838 912 3901; x_wconf 84' lang='lat' dir='ltr'><strong>videtur</strong></span> <span class='ocrx_word' id='word_1_355' title='bbox 923 3848 1025 3900; x_wconf 83' lang='lat' dir='ltr'><strong>tamen</strong></span> <span class='ocrx_word' id='word_1_356' title='bbox 1034 3836 1169 3899; x_wconf 45' lang='lat' dir='ltr'><strong>‘dubium</strong></span> <span class='ocrx_word' id='word_1_357' title='bbox 1185 3835 1259 3915; x_wconf 85' lang='lat' dir='ltr'><strong>quin</strong></span> <span class='ocrx_word' id='word_1_358' title='bbox 1271 3836 1340 3896; x_wconf 88' lang='lat' dir='ltr'><strong>sint</strong></span> 
     </span>
     <span class='ocr_line' id='line_1_42' title="bbox 238 3911 1338 4003; baseline -0.001 -21"><span class='ocrx_word' id='word_1_359' title='bbox 238 3911 357 3999; x_wconf 74' lang='grc' dir='ltr'><strong>γνήσια.</strong></span> <span class='ocrx_word' id='word_1_360' title='bbox 398 3920 535 3984; x_wconf 86' lang='lat' dir='ltr'><strong>indicent</strong></span> <span class='ocrx_word' id='word_1_361' title='bbox 556 3931 670 3999; x_wconf 87' lang='lat' dir='ltr'><strong>sutem,</strong></span> <span class='ocrx_word' id='word_1_362' title='bbox 690 3923 723 3983; x_wconf 93' lang='lat' dir='ltr'><strong>id</strong></span> <span class='ocrx_word' id='word_1_363' title='bbox 738 3923 821 4002; x_wconf 89' lang='lat' dir='ltr'><strong>quod</strong></span> <span class='ocrx_word' id='word_1_364' title='bbox 837 3925 877 3985; x_wconf 91' lang='lat' dir='ltr'><strong>ibi</strong></span> <span class='ocrx_word' id='word_1_365' title='bbox 894 3934 1053 4001; x_wconf 77' lang='lat' dir='ltr'><strong>narretur,</strong></span> <span class='ocrx_word' id='word_1_366' title='bbox 1074 3921 1230 4003; x_wconf 80' lang='lat' dir='ltr'><strong>contigisse</strong></span> <span class='ocrx_word' id='word_1_367' title='bbox 1240 3921 1338 4002; x_wconf 87' lang='lat' dir='ltr'><strong>paulo</strong></span> 
     </span>
     <span class='ocr_line' id='line_1_43' title="bbox 237 4004 1338 4091; baseline 0.005 -28"><span class='ocrx_word' id='word_1_368' title='bbox 237 4012 309 4082; x_wconf 89' lang='lat' dir='ltr'><strong>post</strong></span> <span class='ocrx_word' id='word_1_369' title='bbox 321 4013 461 4066; x_wconf 73' lang='lat' dir='ltr'><strong>exortem</strong></span> <span class='ocrx_word' id='word_1_370' title='bbox 469 4008 555 4083; x_wconf 84' lang='lat' dir='ltr'><strong>solis,</strong></span> <span class='ocrx_word' id='word_1_371' title='bbox 574 4007 634 4070; x_wconf 88' lang='lat' dir='ltr'><strong>hoc</strong></span> <span class='ocrx_word' id='word_1_372' title='bbox 646 4017 692 4068; x_wconf 93' lang='lat' dir='ltr'><strong>est</strong></span> <span class='ocrx_word' id='word_1_373' title='bbox 703 4006 779 4069; x_wconf 89' lang='lat' dir='ltr'><strong>hora</strong></span> <span class='ocrx_word' id='word_1_374' title='bbox 791 4011 887 4091; x_wconf 85' lang='lat' dir='ltr'><strong>prims</strong></span> <span class='ocrx_word' id='word_1_375' title='bbox 899 4010 969 4076; x_wconf 87' lang='lat' dir='ltr'><strong>diei.</strong></span> <span class='ocrx_word' id='word_1_376' title='bbox 1008 4008 1029 4070; x_wconf 86' lang='lat' dir='ltr'><strong>l.</strong></span> <span class='ocrx_word' id='word_1_377' title='bbox 1041 4005 1063 4073; x_wconf 79' lang='lat'>4</span> <span class='ocrx_word' id='word_1_378' title='bbox 1077 4028 1104 4069; x_wconf 87' lang='lat' dir='ltr'><strong>o.</strong></span> <span class='ocrx_word' id='word_1_379' title='bbox 1117 4011 1139 4073; x_wconf 89' lang='lat'><em>8</em></span> <span class='ocrx_word' id='word_1_380' title='bbox 1150 4025 1260 4067; x_wconf 87' lang='lat' dir='ltr'><strong>nomen</strong></span> <span class='ocrx_word' id='word_1_381' title='bbox 1273 4004 1338 4069; x_wconf 77' lang='lat' dir='ltr'><strong>hoc</strong></span> 
     </span>
     <span class='ocr_line' id='line_1_44' title="bbox 237 4085 1336 4175; baseline 0.002 -27"><span class='ocrx_word' id='word_1_382' title='bbox 237 4087 317 4148; x_wconf 88' lang='lat' dir='ltr'><strong>idem</strong></span> <span class='ocrx_word' id='word_1_383' title='bbox 335 4085 457 4171; x_wconf 72' lang='grc' dir='ltr'><strong><em>φυλακή</em></strong></span> <span class='ocrx_word' id='word_1_384' title='bbox 474 4102 623 4154; x_wconf 89' lang='lat' dir='ltr'><strong>nocturno</strong></span> <span class='ocrx_word' id='word_1_385' title='bbox 644 4095 789 4174; x_wconf 83' lang='lat' dir='ltr'><strong>tempori,</strong></span> <span class='ocrx_word' id='word_1_386' title='bbox 811 4096 860 4156; x_wconf 84' lang='lat' dir='ltr'><strong>eui</strong></span> <span class='ocrx_word' id='word_1_387' title='bbox 877 4095 967 4175; x_wconf 87' lang='lat' dir='ltr'><strong>rnagis</strong></span> <span class='ocrx_word' id='word_1_388' title='bbox 987 4093 1143 4169; x_wconf 71' lang='lat' dir='ltr'><strong>convenit,</strong></span> <span class='ocrx_word' id='word_1_389' title='bbox 1164 4102 1286 4174; x_wconf 74' lang='lat' dir='ltr'><strong>optatur</strong></span> <span class='ocrx_word' id='word_1_390' title='bbox 1297 4091 1336 4150; x_wconf 88' lang='lat' dir='ltr'><strong>in</strong></span> 
     </span>
     <span class='ocr_line' id='line_1_45' title="bbox 238 4166 1334 4262; baseline 0.009 -32"><span class='ocrx_word' id='word_1_391' title='bbox 238 4166 285 4227; x_wconf 84' lang='lat' dir='ltr'><strong>bis</strong></span> <span class='ocrx_word' id='word_1_392' title='bbox 300 4172 413 4234; x_wconf 80' lang='lat' dir='ltr'><strong>verbis:</strong></span> <span class='ocrx_word' id='word_1_393' title='bbox 433 4175 486 4238; x_wconf 78' lang='lat' dir='ltr'><strong>ssi</strong></span> <span class='ocrx_word' id='word_1_394' title='bbox 500 4174 540 4256; x_wconf 72' lang='grc' dir='ltr'><strong>δή</strong></span> <span class='ocrx_word' id='word_1_395' title='bbox 553 4173 610 4256; x_wconf 67' lang='grc' dir='ltr'><strong>τὴν</strong></span> <span class='ocrx_word' id='word_1_396' title='bbox 626 4173 749 4257; x_wconf 69' lang='grc' dir='ltr'><em>πρώτην</em></span> <span class='ocrx_word' id='word_1_397' title='bbox 767 4176 907 4260; x_wconf 63' lang='grc' dir='ltr'><strong><em>φυλακήν</em></strong></span> <span class='ocrx_word' id='word_1_398' title='bbox 921 4184 977 4262; x_wconf 70' lang='grc' dir='ltr'><strong>τῆς</strong></span> <span class='ocrx_word' id='word_1_399' title='bbox 990 4174 1100 4253; x_wconf 71' lang='lat' dir='ltr'><strong>vverde</strong></span> <span class='ocrx_word' id='word_1_400' title='bbox 1112 4177 1236 4256; x_wconf 71' lang='grc' dir='ltr'><strong>ἐκείνης.</strong></span> <span class='ocrx_word' id='word_1_401' title='bbox 1275 4174 1334 4233; x_wconf 79' lang='lat' dir='ltr'><strong>ubi</strong></span> 
     </span>
     <span class='ocr_line' id='line_1_46' title="bbox 238 4253 1334 4344; baseline 0.014 -36"><span class='ocrx_word' id='word_1_402' title='bbox 238 4267 326 4309; x_wconf 83' lang='lat' dir='ltr'><strong>nemo</strong></span> <span class='ocrx_word' id='word_1_403' title='bbox 338 4272 400 4314; x_wconf 88' lang='lat' dir='ltr'><strong>non</strong></span> <span class='ocrx_word' id='word_1_404' title='bbox 412 4258 506 4335; x_wconf 82' lang='lat' dir='ltr'><strong>videt,</strong></span> <span class='ocrx_word' id='word_1_405' title='bbox 522 4259 704 4338; x_wconf 81' lang='lat' dir='ltr'><strong>quiquidem</strong></span> <span class='ocrx_word' id='word_1_406' title='bbox 720 4268 819 4324; x_wconf 85' lang='lat' dir='ltr'><strong>totum</strong></span> <span class='ocrx_word' id='word_1_407' title='bbox 832 4264 933 4326; x_wconf 88' lang='lat' dir='ltr'><strong>looum</strong></span> <span class='ocrx_word' id='word_1_408' title='bbox 943 4272 1058 4327; x_wconf 79' lang='lat' dir='ltr'><strong>attente</strong></span> <span class='ocrx_word' id='word_1_409' title='bbox 1067 4262 1240 4344; x_wconf 78' lang='lat' dir='ltr'><strong>inspexerit,</strong></span> <span class='ocrx_word' id='word_1_410' title='bbox 1251 4253 1334 4324; x_wconf 72' lang='lat' dir='ltr'><strong>mei</strong></span> 
     </span>
    </p>
   </div>
   <div class='ocr_carea' id='block_1_5' title="bbox 0 0 1522 4840">
    <p class='ocr_par' dir='ltr' id='par_1_5' title="bbox 0 0 1522 4840">
     <span class='ocr_line' id='line_1_47' title="bbox 0 0 1522 4840; baseline 0 0"><span class='ocrx_word' id='word_1_411' title='bbox 0 0 1522 4840; x_wconf 95' lang='lat' dir='ltr'><strong> </strong></span> 
     </span>
    </p>
   </div>
  </div>
 </body>
</html>
