3054 4842
253 347 329 418 570
555 344 787 414 OBSERVAT.
811 342 1050 413 PAGHYMER.

251 529 423 591 nuncupare
455 494 595 591 potuisse.
645 509 700 571 ssd
735 510 774 570 ‹ls
801 507 850 573 bis
876 509 936 570 ism
960 509 1029 590 plus
1057 508 1152 570 satis:
1182 509 1240 571 alis
1265 513 1348 575 mim

251 606 368 660 vocant

334 671 604 761 νιοβοίίᾶριοι
630 699 661 759 Ρ.
681 681 743 743 328
762 698 794 744 v,
811 675 859 743 14·
899 678 1012 739 retinui
1027 679 1197 739 caballoeii
1210 681 1348 740 voeabu-

250 767 313 827 lunr
328 766 360 824 in
374 764 510 824 versione
530 763 643 823 idcirco
665 763 747 841 quod
766 763 933 825 existimavi
954 763 1037 825 haud
1049 765 1113 824 sine
1127 784 1217 824 causa
1227 765 1347 846 Pachy-

249 870 360 911 merem
379 850 437 909 ists
453 866 528 909 uoce
546 847 597 907 hic
616 867 703 908 usum
724 850 825 928 potius
848 868 935 926 quem
955 850 1012 931 ipsi
1032 850 1190 909 notissime
1212 860 1244 910 et
1255 852 1346 910 obvis

250 935 377 999 ίιτιτέοον.
419 951 525 1012 nempe
538 933 731 992 caballariua
745 933 957 994 consuetudine
968 935 1028 994 iam
1046 944 1113 995 tum
1130 934 1210 994 illius
1224 944 1343 1015 tempo-

249 1021 292 1081 rie
308 1040 370 1080 non
391 1018 553 1096 quemlibet
574 1019 702 1096 equitem
725 1018 779 1077 sed
798 1018 939 1098 insignem
955 1030 989 1079 et
1004 1019 1180 1099 primarium
1199 1020 1339 1097 sonabat;

251 1116 375 1183 eratque
391 1102 436 1184 (id
453 1102 537 1182 quod
548 1100 695 1181 hodieque
708 1103 740 1162 in
754 1102 855 1163 Italics
867 1104 964 1183 lingua
985 1104 1055 1163 inde
1069 1105 1192 1165 ductum
1203 1123 1342 1184 perseve-

249 1189 310 1272 rat)
328 1191 361 1248 in
384 1207 418 1248 eo
436 1188 528 1249 verbo
548 1188 711 1248 nobilitatis
734 1188 878 1268 quasdam
895 1188 1057 1269 emphasis,
1087 1190 1209 1250 minime
1229 1208 1342 1250 οοιιτο-

250 1275 335 1336 nisos
352 1273 444 1352 equiti
455 1274 595 1353 gregorio.
632 1274 732 1352 itsque
744 1293 812 1333 cum
827 1282 928 1334 noster
941 1273 1072 1335 eusdem
1084 1273 1176 1336 buius
1188 1274 1275 1335 initio
1290 1295 1343 1334 ca-

249 1361 320 1442 pitis
330 1358 412 1419 buno
425 1359 457 1418 in
472 1358 596 1418 modum
609 1359 728 1432 scribit,
750 1356 769 1421 (i
782 1353 980 1442 ννβαίίᾶριος
992 1353 1128 1434 ’Alition
1141 1355 1222 1442 ἆνιξρ
1233 1357 1344 1444 γεινό-

250 1448 305 1519 ess
318 1442 369 1507 καί
387 1438 545 1526 ἆνδρινός,
572 1442 778 1523 intelligendus
798 1453 843 1503 est
864 1444 927 1503 eius
946 1446 1004 1504 viri
1020 1443 1205 1505 nobilitatem
1220 1446 1341 1505 clarita-

247 1540 368 1608 teanue
388 1528 444 1588 isto
462 1529 581 1589 nomine
597 1530 732 1608 sigussse.
773 1546 829 1588 nec
848 1529 921 1588 milri
944 1539 989 1589 eat
1003 1529 1177 1590 incredibile
1191 1540 1341 1590 trecentos

247 1615 321 1674 istos
333 1633 371 1672 ex
384 1632 420 1673 eo
432 1615 567 1692 equitum
580 1633 685 1693 ganne
698 1613 800 1690 tinne,
823 1615 874 1692 qui
889 1634 946 1675 usu
964 1613 1055 1675 bodie
1067 1616 1189 1677 militiae
1209 1615 1340 1675 Gallicas
1397 1678 1405 1701 ,

247 1702 391 1760 Manem
404 1697 536 1779 magistri
550 1697 608 1759 diei
619 1699 731 1775 solent3
752 1718 880 1778 quorum
893 1699 1031 1762 videlicet
1049 1701 1253 1781 unusquisque
1265 1702 1340 1762 alias

246 1786 361 1866 equites
374 1784 429 1845 sub
441 1802 472 1844 ss
485 1794 631 1844 merentes
645 1784 759 1844 ductet.

330 1866 599 1951 ναδδηνοίίιοι
617 1889 649 1950 Ρ.
666 1872 729 1936 209
742 1887 772 1931 v.
790 1872 841 1934 21.
883 1870 925 1930 its
937 1879 1108 1931 constanter
1122 1871 1265 1932 scribitur
1279 1870 1339 1931 boc

247 1956 424 2017 vocabulum
444 1955 475 2014 iu
495 1954 592 2015 tribus
611 1954 699 2015 codd.
717 1955 750 2014 iu
770 1951 830 2014 boo
852 1955 963 2014 statiis
982 1955 1073 2017 leuius
1093 1955 1235 2016 lsistorise
1257 1957 1336 2032 locis,

244 2040 328 2101 unde
343 2061 404 2101 nou
418 2040 539 2101 videtur
551 2039 749 2100 dubitandum
761 2040 834 2117 quin
850 2060 953 2101 vocem
967 2041 1055 2102 nobis
1068 2043 1210 2102 usitatam
1228 2041 1337 2102 Cardi-

243 2127 328 2185 natis
349 2126 393 2185 sic
413 2134 488 2186 tunc
507 2126 612 2185 Graeci
632 2126 693 2186 suis
707 2124 799 2185 literis
818 2127 1028 2203 exprimerent.
1069 2146 1125 2188 nec
1138 2127 1336 2207 idimputsu-

244 2211 319 2270 dnm
328 2210 506 2291 ignorationi
518 2211 580 2270 eius
592 2211 712 2290 originis
726 2229 764 2270 ex
776 2209 922 2270 vocabulo
943 2210 1047 2275 cardo.
1082 2233 1151 2273 nam
1165 2211 1244 2272 hane
1253 2211 1336 2272 baud

244 2298 377 2374 ignotam
404 2295 471 2357 sibi*
487 2296 617 2358 declarat
636 2294 830 2375 Pochymeres
848 2295 868 2355 l.
892 2298 912 2362 6
932 2317 957 2356 c.
971 2301 1008 2373 8,
1034 2296 1088 2357 abi
1108 2298 1145 2357 de
1156 2298 1334 2376 imperatore

245 2381 349 2440 scribit
368 2379 421 2443 καί
436 2378 548 2461 zeusis
562 2380 690 2463 πέμπων
701 2381 927 2462 subintulisse,
948 2377 1121 2465 στρόφιγξιν
1140 2380 1159 2446 o‘
1167 2378 1279 2459 Ἕλλην
1289 2382 1331 2443 sl'·

243 2487 297 2525 ποι
316 2463 359 2537 oie
380 2459 483 2540 θύρας
502 2462 596 2546 οὔσης
614 2470 672 2530 soii
688 2462 785 2532 πάντα.
825 2466 878 2526 ubi
894 2466 979 2528 vides
999 2486 1102 2529 vorem
1120 2464 1255 2525 cardinis
1268 2484 1325 2524 sx-

241 2547 331 2631 primi
347 2548 461 2608 Graeco
473 2550 621 2610 vocabulo
635 2546 821 2632 στρόφιγγος.

328 2633 579 2710 antoniaster
613 2654 644 2714 Ρ.
659 2634 723 2700 284
736 2654 767 2695 ν.
782 2639 831 2700 16.
879 2630 1088 2708 ναθοοιόοιος
1106 2630 1231 2714 hetam
1255 2635 1320 2705 ¹⁰⁴3

242 2712 380 2799 respicis
394 2713 636 2801 nominator.
677 2717 712 2778 lsi
723 2719 853 2780 aocussti
869 2730 955 2797 sunt,
976 2731 1013 2783 ut
1028 2721 1102 2781 clare
1116 2717 1200 2778 ‹looet
1214 2725 1319 2776 amtor

153 2860 156 2865 .
242 2805 275 2863 in
297 2803 559 2883 consequentibus,
585 2803 799 2865 sonimauonia
817 2804 849 2865 in
869 2807 1093 2888 imperatorem,
1111 2801 1321 2884 quemintsrli-

242 2908 309 2949 csrs
323 2890 531 2967 demevsrsnt,
550 2897 587 2949 ut
599 2889 655 2971 ipsi
666 2889 734 2952 tusi
748 2898 828 2952 sant
870 2890 942 2952 binc
951 2891 1127 2972 intelligitur
1136 2889 1260 2973 ίγνίηριο
1272 2911 1326 2951 sss-

241 2970 419 3053 θοσιόοεος
432 2974 493 3037 dici
504 2976 615 3036 crimen
628 2975 722 3036 laesse
735 2975 914 3054 maiestatis,
935 2986 966 3038 st
986 2976 1107 3056 quidem
1118 2976 1152 3036 in
1168 2975 1263 3057 primo
1276 2993 1329 3034 cs-

239 3059 315 3139 pite,
342 3070 379 3122 ut
399 3061 495 3122 solent
512 3061 603 3140 loqui.
645 3059 686 3121 sd
707 3059 768 3120 lsoc
785 3060 978 3123 indicandum
1001 3062 1071 3123 ideo
1091 3059 1330 3122 accommodetur

237 3141 452 3221 suboriuntur
473 3147 670 3223 vocabulum,
698 3146 767 3226 quia
784 3148 865 3207 vites
882 3165 1084 3228 personaeque
1103 3148 1330 3229 prindpumres

238 3246 340 3288 sacrse
360 3241 447 3308 sunt,
469 3252 542 3311 quas
560 3232 673 3294 violsre
689 3232 871 3312 saerilegium
891 3233 1018 3293 immons
1036 3233 1086 3296 sit.
1127 3232 1329 3311 undspssaim

236 3313 384 3373 maiestati
393 3317 607 3395 imperatorum
623 3317 780 3397 copulatur
795 3319 969 3379 adiunctum
983 3337 1097 3394 noras,
1120 3327 1154 3378 et
1173 3324 1276 3377 'sorum
1289 3316 1329 3375 li·

202 3464 208 3475 ·
237 3405 320 3456 tersa
333 3418 439 3459 saeros
454 3402 517 3462 sins
533 3402 637 3463 addito
649 3402 853 3483 appellentur,
874 3404 1019 3464 vocabulo
1030 3403 1119 3463 etism
1133 3403 1253 3463 Grsecis
1265 3401 1330 3461 usi·

236 3489 310 3541 tsto.
353 3495 480 3563 usurpet
494 3496 524 3546 et
540 3488 609 3547 alibi
622 3499 723 3548 noster
738 3489 925 3552 νοθοοίοιοιν
942 3488 1000 3549 hac
1014 3488 1147 3549 notione.
1167 3488 1221 3556 l6
1247 3506 1273 3547 c.
1287 3488 1328 3549 19

235 3564 290 3629 ιιιιί
310 3561 346 3630 rei
366 3571 466 3648 μεῖξον
487 3571 641 3653 ἐκρίνοντο
659 3571 710 3636 stri
732 3573 776 3648 είς
792 3574 1008 3652 suboriens,
1034 3582 1066 3634 et
1084 3593 1110 3635 c
1133 3578 1176 3641 20
1204 3566 1273 3635 ἄλλ’
1287 3562 1328 3634 osi

236 3656 350 3714 πεῖθον
362 3649 458 3714 nette
472 3657 682 3739 ίινιοροῦντις,
705 3650 774 3721 o'li'
789 3654 932 3739 ἄντικρυς
946 3659 1100 3741 ἕνρίνοντο
1112 3662 1169 3740 τῆς
1182 3653 1260 3737 πρὸς
1270 3657 1329 3738 βυτ

237 3733 320 3800 sitio
346 3732 569 3814 νοθοοιοίοεως.
612 3741 738 3822 denique
759 3751 796 3803 ut
817 3742 874 3803 elis
896 3744 1033 3805 omittam
1051 3745 1133 3820 locs,
1159 3743 1261 3807 tec
1283 3738 1326 3806 tt

236 3818 402 3905 ιίπογιιγοίν
415 3819 607 3909 (Μαννάριον)
620 3828 689 3915 δίνῃ
700 3823 915 3905 metietur
926 3828 969 3907 oio
980 3825 1052 3905 νοτίς
1067 3823 1209 3904 masuic
1221 3823 1327 3915 ἔρχον-

234 3930 290 3983 soc
303 3904 379 3970 νοτᾶ
393 3908 538 3990 βνοιίίος
551 3912 744 3996 διεγείροντα.

319 3988 490 4076 Κάνου)
511 4001 730 4076 nassau.
772 3988 1326 4080 assensumqnnsssnsorem

235 4095 344 4137 nomen
357 4076 396 4138 sit
409 4079 569 4163 principis,
590 4101 687 4162 equo
704 4082 799 4163 Nogss
819 4106 887 4147 cum
905 4084 1048 4150 Tocbuis
1064 4086 1172 4146 missus
1183 4084 1324 4143 tuststet

233 4178 254 4218 s
266 4163 350 4222 cuius
362 4162 509 4248 dominio,
528 4177 567 4230 ut
586 4168 676 4249 paulo
688 4176 757 4229 ante
771 4169 850 4232 dian
871 4170 1045 4251 ίιίιίοτίοιιν,
1065 4169 1191 4235 estun
1201 4165 1321 4249 inopte·

299 4342 324 4408 ⁵)
340 4345 375 4400 ct.
392 4350 509 4403 Glossar.
526 4348 599 4404 atter.
619 4366 645 4405 τ.
663 4346 761 4416 Κάνος.
