3036 4840
282 301 358 374 ass
580 219 1073 381 onerariarum

280 464 441 529 habitualis
452 460 652 544 κληρονομίας
662 456 839 520 hereditatis
850 455 997 517 vocabulo
1009 455 1162 537 signatam:
1183 455 1272 519 dona
1288 468 1400 520 aaran

282 553 416 613 nondum
437 546 537 607 habita
560 544 724 606 necessaria
743 542 942 624 perducendis
962 543 1047 602 nobis
1066 542 1219 602 adfinem
1241 545 1398 604 ultimum

285 641 502 696 consummatae
513 629 723 705 beatitudinis,
744 622 962 707 περιποιήσεως
976 629 1194 707 acquisitionis
1209 629 1396 690 indicantur

281 721 383 783 verbo.
427 718 484 777 ista
508 716 587 776 dona
608 715 746 774 velutin
769 713 860 772 aliens
884 732 975 771 manu
990 714 1087 792 posita
1101 713 1285 774 redimenda
1302 715 1394 774 nobis

280 813 360 877 sunt,
382 801 441 861 hoc
455 809 500 860 est
513 800 669 860 emerenda
682 807 711 857 et
726 797 911 875 impetranda
924 797 1010 856 bonis
1026 798 1166 878 operibus
1183 808 1217 858 st
1228 801 1391 879 precibus.

146 938 155 951 e
279 910 319 949 ne
333 897 432 947 autern
448 887 637 967 desperemus
653 905 684 943 ea
700 881 859 960 impetrare
873 903 909 941 sc
923 882 1085 962 promereri
1097 903 1153 941 nos
1169 903 1271 961 posse,
1297 884 1391 943 datur

174 980 197 1033 P
213 977 263 1033 484
281 959 369 1034 nobis
394 991 498 1030 eorum
522 988 658 1051 praesens
684 968 789 1047 pignus
804 968 928 1026 Sanctus
950 966 1098 1047 Spiritus,
1120 966 1266 1047 idemque
1281 968 1390 1029 effin-

281 1058 419 1118 cissimus
432 1054 553 1114 adiutor
569 1053 607 1113 ad
625 1051 807 1136 operandum
821 1051 902 1131 quod
917 1073 932 1109 s
946 1051 1031 1111 nobis
1045 1051 1190 1130 exigitur,
1210 1063 1250 1112 ut
1263 1055 1387 1134 plenam

282 1143 410 1203 salutem
425 1159 622 1218 assequamur.
664 1137 747 1196 iuxta
757 1135 839 1196 hunc
852 1156 970 1197 sensum
987 1155 1076 1216 quam
1096 1147 1180 1196 reete
1198 1136 1387 1199 cohaereant

281 1227 376 1289 verba
391 1224 518 1305 apostoli
540 1223 621 1284 videt
634 1222 769 1301 prolecto
791 1220 921 1299 prudens
941 1222 1054 1292 lector;
1077 1222 1228 1300 simulque
1242 1224 1383 1301 intelligit

283 1333 373 1393 quam
387 1309 499 1370 nuliam
511 1306 697 1368 commodam
710 1305 886 1366 sententiam
900 1305 1011 1365 efficiat
1024 1307 1207 1367 Genevensia
1221 1309 1381 1389 expositio.

284 1417 361 1478 quse
378 1404 421 1454 est
434 1393 512 1453 enim
525 1391 688 1473 redemptio
700 1392 875 1450 assertionis
892 1402 948 1448 aut
963 1389 1209 1454 vindicationis?
1232 1403 1267 1452 at
1278 1397 1382 1473 acqui.

282 1482 423 1552 sita'onis,
445 1476 578 1552 honest,
599 1477 644 1538 rei
661 1476 793 1535 nondum
812 1495 961 1555 possessae
976 1475 1181 1554 adjungendae
1194 1476 1234 1536 ad
1252 1477 1285 1539 id
1301 1479 1382 1557 qaod

282 1566 343 1625 iam
364 1563 523 1640 habemus,
553 1562 642 1622 facile
661 1560 757 1640 quivis
774 1561 917 1641 perspicit
939 1558 1005 1620 fieri
1025 1559 1259 1641 redemptionem
1283 1584 1380 1644 posse,

282 1649 344 1711 hoc
357 1661 418 1724 est,
442 1646 540 1727 pareri
554 1666 618 1706 eam
635 1656 667 1705 et
679 1644 762 1725 quasi
776 1646 832 1704 emi
850 1645 1002 1725 persoluto
1015 1647 1112 1725 pretio
1131 1646 1255 1708 idoneo.
1301 1658 1381 1708 eerts
1481 1656 1482 1661 ’

283 1733 398 1795 Latinis
412 1730 608 1812 scriptoribus
621 1730 734 1809 primas
749 1729 852 1789 classis
866 1729 1046 1810 acquirendi
1057 1730 1181 1791 verbum
1191 1730 1274 1791 banc
1284 1732 1380 1813 ipsam

286 1838 378 1900 quam
401 1816 592 1895 exposuimus
611 1815 771 1877 notionem,
785 1813 874 1874 lubet
894 1815 1042 1890 augmenti
1064 1826 1096 1875 et
1110 1816 1277 1875 additionis
1290 1838 1381 1896 snper

285 1904 370 1984 priua
384 1921 517 1983 possessa
534 1901 710 1961 cumulatae
731 1899 792 1958 Cic.
805 1899 920 1979 epist7
934 1900 955 1960 Ι.
971 1903 1007 1965 8:
1022 1913 1131 1980 postea
1145 1923 1214 1961 osto
1227 1904 1382 1981 quomisa

286 1990 404 2067 accepi,
426 1989 473 2044 ita
481 1989 565 2065 gessi
582 1987 710 2065 imperia
720 1986 870 2048 maxima.
892 1995 927 2043 ut
936 1984 1014 2042 milri
1025 1986 1109 2044 nilsil
1117 2007 1213 2065 nsqru
1225 1984 1274 2045 ad
1286 1986 1381 2045 Ιιοηο-

285 2093 348 2133 rem
364 2093 457 2151 neque
470 2067 515 2128 od
526 2071 661 2150 gloriam
681 2066 900 2149 acquirendum
915 2080 1069 2148 putarem.
1112 2071 1193 2130 idem
1212 2071 1245 2129 in
1260 2073 1381 2151 catilin.

286 2178 359 2218 nam
371 2156 449 2214 milii
460 2152 580 2236 quidem
590 2156 652 2234 ipsi
666 2153 798 2234 quidest
811 2150 970 2233 quodiam
984 2151 1030 2212 ad
1039 2156 1269 2235 odaefiuctusn
1277 2160 1381 2236 possit

288 2243 418 2322 acquiri.
459 2238 612 2300 utsimilia
627 2241 759 2299 omittam
776 2239 869 2298 multa
881 2237 990 2318 passim
1003 2238 1101 2303 obvia.
1134 2240 1208 2301 haee
1221 2244 1295 2301 satis
1307 2251 1382 2301 sunt

287 2327 326 2386 ad
347 2324 545 2384 evincendum
569 2334 674 2385 contra
698 2324 900 2383 cavillationes
919 2332 1113 2404 novatorum,
1141 2336 1267 2385 veterem
1282 2328 1379 2384 inter-

285 2419 402 2491 pretem
415 2409 570 2485 vulgatum
585 2429 647 2470 non
659 2409 792 2490 potuisse
803 2408 908 2467 melius
922 2410 1089 2489 exprimere
1102 2410 1161 2471 vin
1174 2410 1303 2468 Graecae
1317 2429 1373 2470 ro-

287 2493 330 2552 eis
344 2493 534 2573 περιποίησις
550 2512 639 2572 quam
658 2494 700 2568 ei,
721 2503 757 2552 ut
775 2493 863 2568 lecit,
884 2495 1064 2572 opponendo
1075 2494 1245 2554 sominium
1259 2496 1369 2571 acqui-

285 2577 373 2649 sitio,·
395 2594 451 2633 nec
471 2595 527 2634 nos
545 2578 628 2656 quod
653 2587 754 2636 noster
774 2576 832 2635 hoc
852 2577 919 2637 ioco
940 2577 1098 2639 historicas
1115 2579 1154 2651 sle
1172 2579 1366 2654 περιποίησιν

285 2660 460 2722 attributum
478 2658 568 2739 dicit,
589 2661 667 2721 male
682 2661 845 2721 declarasse
858 2661 956 2724 verbis
969 2664 1031 2724 illis
1045 2667 1079 2724 in
1091 2662 1368 2743 augnaumsun·

287 2745 424 2806 datmnis
437 2753 493 2806 etc.

181 2834 272 2892 esst
370 2852 403 2913 p.
426 2828 488 2897 sis
509 2828 603 2898 mid.
644 2852 681 2891 ns
700 2830 840 2894 umbram
863 2832 985 2915 quidm
1007 2834 1106 2895 ullius
1122 2832 1373 2896 nanitiasncsslas.

288 2918 324 2978 in
342 2916 455 2977 Graeco
467 2913 542 2997 μηδὲ
557 2919 706 2999 φρουρίου
720 2915 816 2983 σκιάν.
858 2916 932 2981 haec
944 2920 1083 2981 alludunt
1096 2922 1134 2981 sd
1148 2941 1248 2981 rocem
1263 2938 1376 3001 ρεσερι-

289 3003 391 3085 βρείας
403 3022 475 3061 mox
496 3001 631 3083 positam.
674 3023 748 3081 quae
766 3025 873 3065 nomen
894 3006 1015 3085 quidem
1027 3016 1091 3066 arat
1111 3015 1200 3065 notas
1214 3006 1315 3082 urbis,
1337 3005 1378 3066 de

290 3108 348 3166 qua
362 3085 412 3146 hic
426 3084 532 3165 agitur.
573 3084 626 3146 sed
639 3088 721 3165 quod
736 3099 796 3149 tam
809 3111 903 3171 prope
924 3091 1078 3150 accederet
1096 3092 1135 3150 ad
1148 3111 1251 3150 vocem
1265 3109 1380 3171 μεσηρι·

290 3172 362 3252 βρίο
375 3182 410 3231 ut
428 3171 508 3232 idem
527 3190 588 3232 esse
607 3170 769 3235 videretur.
811 3185 897 3235 sonat
919 3186 1016 3235 autem
1029 3177 1196 3257 μεσημβρία
1209 3176 1380 3237 meridiem.

289 3255 331 3314 ibi
345 3254 419 3315 latet
432 3255 586 3317 antithesis
598 3255 636 3317 ad
647 3253 735 3321 σκιάν
748 3258 896 3326 sundram.
937 3261 970 3319 id
986 3254 1144 3322 etsi'dictu
1157 3279 1296 3339 parvum,
1318 3263 1380 3320 ad-

289 3337 440 3399 monuisse
461 3340 610 3421 oportuit‚
637 3363 676 3403 ne
699 3344 838 3403 lectorem
857 3343 908 3405 hic
931 3345 1096 3406 offenderet
1115 3345 1322 3424 intempestiva
1344 3356 1381 3405 et

290 3417 525 3503 ἅπροσδιὸνυσος
536 3425 601 3485 visa
614 3426 734 3488 umbrae
747 3426 866 3492 mentio.

375 3527 405 3587 p.
423 3507 483 3573 849
497 3528 528 3569 v.
543 3514 573 3575 8.
615 3506 680 3575 ddi
692 3507 825 3594 Μῦσζης.
859 3522 903 3593 ,οἱ
923 3533 998 3595 quas
1011 3508 1073 3574 hoc
1089 3515 1187 3595 capite
1204 3515 1380 3576 reieruntur

288 3590 508 3667 intelligantur,
528 3596 723 3673 repetendum
736 3617 774 3657 ex
794 3600 928 3678 superius
943 3599 1069 3680 sparsim
1085 3600 1213 3660 narratis
1228 3623 1246 3659 a
1261 3599 1380 3679 Pachy-

290 3696 371 3738 mere
385 3683 414 3735 et
428 3695 465 3734 ex
479 3676 609 3756 Gregors
623 3690 683 3756 est,
704 3682 847 3742 loannem
863 3684 1088 3766 imperatorem,
1109 3705 1197 3764 quesn
1210 3684 1380 3765 Pachyme-

291 3782 340 3822 res
357 3759 408 3820 hic
421 3760 535 3820 Ducam
547 3774 652 3838 voest,
675 3767 893 3829 Cantaouaenus
914 3770 947 3829 in
961 3769 1146 3848 praefatione
1164 3768 1308 3829 historiae
1322 3770 1380 3828 Ba-

292 3854 417 3924 tatasm‚
439 3847 489 3906 cui
503 3843 678 3910 Theodorus
692 3850 825 3912 Lascarla
846 3854 929 3933 prior
946 3854 1045 3914 dotale
1058 3855 1219 3936 imperium
1230 3856 1379 3916 masmi-

290 3940 387 4008 sarat,
407 3930 475 3991 data
488 3931 515 3993 ei
528 3932 561 3991 in
575 3951 700 3995 uxorem
715 3936 798 3997 irene
812 3937 887 4014 lilia,
912 3936 1009 3999 filium
1023 3948 1053 3998 et
1064 3959 1264 4000 sucemaorem
1280 3940 1380 4019 impe-

291 4016 328 4075 rii
353 4014 491 4076 habuisse
513 4016 717 4097 Theodorum,
754 4023 900 4084 Lasosrim
919 4045 937 4082 a
962 4034 1056 4083 matre
1080 4024 1213 4100 dictum,
1238 4034 1379 4103 nepotem

291 4098 441 4161 Theodori
457 4102 587 4163 bracaris
605 4104 703 4185 primi.
744 4099 817 4167 lsuic
838 4107 1014 4189 desponsam
1028 4108 1171 4169 llelonam
1183 4111 1288 4169 dasnis
1302 4108 1380 4167 Bul·

290 4201 428 4256 garorum
448 4186 525 4261 regis
555 4187 646 4247 filiam
671 4200 772 4250 nanas
799 4192 943 4269 Gregoras
965 4194 987 4256 l.
1012 4200 1084 4273 2p·
1104 4198 1151 4258 18.
1179 4197 1264 4253 cuius
1288 4212 1377 4251 soror

290 4264 406 4341 Mylasa
418 4270 531 4327 coniux
544 4270 618 4351 fuit,
638 4283 673 4333 ut
685 4293 740 4333 nos
756 4275 845 4338 docet
859 4276 1052 4359 Pachymeres
1068 4277 1127 4338 hoc
1139 4278 1225 4358 loco,
1245 4277 1375 4357 Mytaam
