3036 4840
296 316 372 394 oss
590 274 828 387 onsennsr.
854 314 1096 385 ramercurt

294 509 395 569 μενον.
437 484 498 546 scio
516 483 647 545 Graecos
664 483 698 543 in
720 480 896 543 Florentino
914 482 1042 543 concilio
1062 502 1136 545 sess.
1159 486 1183 549 6
1205 492 1323 544 contre
1346 484 1403 547 bor

292 572 458 651 excepisse,
489 569 606 629 codices
629 589 734 629 eorum
757 569 898 648 antiquos
913 569 1101 628 continentes
1123 578 1195 628 scta
1212 569 1401 637 llicsenseff

292 656 398 736 synodi
411 654 580 735 symbolum
593 655 658 714 sine
670 653 823 713 edditione
833 654 954 713 illorum
966 654 1129 714 verborum
1140 653 1197 716 esui
1208 654 1244 718 ἐιι
1259 660 1322 718 τοῦ
1332 658 1402 719 sissi

291 753 319 800 et
333 763 367 799 ex
373 741 447 819 silio
463 738 615 801 exhibere.
657 740 710 798 sed
723 738 776 815 iis,
798 746 834 798 ut
846 738 958 798 ibidem
970 740 1116 815 refertur,
1138 748 1219 799 tunc
1233 741 1340 799 latini
1354 764 1400 801 re·

188 837 210 888 Ρ
226 835 277 890 468
293 828 482 904 sponderunt
495 824 607 885 bebere
623 844 654 884 se
669 823 825 905 eutiquuus
841 823 988 883 Graccum
1006 824 1157 900 codicem,
1179 824 1216 883 in
1232 846 1299 906 quo
1313 826 1399 885 addi·

289 910 334 970 tio
357 910 514 971 manifeste
537 918 739 990 compareret,
759 909 839 969 sicut
858 917 888 968 et
904 909 937 968 iu
957 908 1263 991 interpretationibus
1284 911 1398 971 Latinis

289 997 349 1054 iem
371 995 444 1054 olim
466 994 552 1055 editis
576 996 638 1054 eius
658 1013 758 1053 sacras
778 992 896 1074 synodi.
936 993 1024 1054 verbe
1045 995 1181 1074 ipsorum
1206 994 1395 1056 Graecorum

289 1080 351 1141 hoc
363 1080 446 1158 quod
459 1079 527 1139 dico
541 1081 711 1139 testantium
725 1078 798 1138 heec
807 1086 878 1138 suut
890 1083 989 1146 sess.6
1001 1079 1109 1141 concil.
1120 1079 1263 1144 Harena
1274 1086 1394 1147 tom32

290 1166 339 1226 ed.
348 1166 417 1244 aeg.
433 1186 464 1245 p.
477 1167 527 1229 84.
547 1160 656 1228 ιοότου
669 1168 726 1227 τοῦ
742 1159 815 1247 όρου
829 1158 959 1245 δβδόριης
974 1159 1105 1228 συνόδου
1117 1160 1198 1247 παρ’
1210 1163 1306 1245 elpis
1320 1160 1390 1227 ‹isc-

290 1248 530 1334 ysvooaopleoo,
556 1250 763 1335 προειρομίσδερ
791 1244 877 1327 nupsi
893 1250 1036 1312 Λατίνων
1058 1249 1179 1331 βιβλίον
1205 1249 1313 1331 ἕτερον
1334 1274 1387 1311 sss-

292 1331 379 1399 λαιόν
394 1332 611 1418 γεγραμμένον,
632 1330 688 1397 τόν
701 1328 794 1397 αόιδν
807 1329 881 1414 όρον
895 1336 950 1414 τῆς
966 1327 1094 1398 συνόδου
1108 1329 1228 1413 ταύτης
1242 1333 1384 1415 capripes,

292 1419 327 1484 ίν
348 1412 373 1505 qi
393 1416 505 1500 ιδρέθη
525 1421 743 1501 προσκείμενον
762 1418 795 1482 ἕν
815 1422 856 1505 τῇ
873 1420 1016 1505 θεοίογίρι
1031 1421 1089 1482 τοῦ
1100 1416 1191 1501 cirion
1207 1418 1383 1499 πυεόριπος,

292 1504 338 1578 είς
353 1500 387 1565 τό
408 1503 442 1566 ix
458 1507 515 1567 τοῦ
527 1500 639 1586 πατρός
650 1499 903 1585 ἐκπορευόμενον,
923 1498 957 1566 εδ
970 1502 1021 1566 καί
1037 1502 1071 1565 is
1085 1506 1142 1566 soei
1152 1503 1242 1567 υίοῦ.
1288 1516 1320 1563 et
1334 1504 1383 1563 ad·

292 1588 338 1648 dit
361 1589 490 1648 Grsecos
509 1588 596 1648 illum
617 1609 688 1649 euee
709 1589 828 1668 linguae
848 1587 982 1648 codicem
1008 1608 1076 1648 curn
1096 1588 1302 1648 admirstioue
1319 1609 1383 1670 spe-

292 1684 406 1751 ctasse,
427 1684 458 1733 ct
478 1673 606 1755 probum
626 1672 724 1755 specie
743 1693 907 1753 manusque
922 1673 1115 1753 perantiquae
1128 1674 1293 1753 reperisse.
1333 1694 1383 1734 se·

291 1759 420 1839 dansque
440 1758 479 1819 ds
495 1778 530 1818 re
548 1781 577 1840 p.
598 1758 705 1818 deinde
725 1762 767 1826 86
787 1760 959 1819 referuntur
977 1757 1085 1818 Iulisui
1108 1757 1277 1818 cerdinslis
1296 1758 1383 1819 rerba

291 1841 367 1904 laeec
379 1844 418 1902 ad
435 1844 644 1923 imperatorem
659 1844 855 1907 Grsecorum:
884 1836 1065 1925 γαληνότυιε
1086 1843 1232 1924 βασιλεῦ·
1255 1838 1292 1908 τό
1311 1866 1383 1925 σιρο-

290 1925 439 2009 ιιομισδδν
454 1921 533 2010 παρ’
547 1926 636 2011 ἦμοδν
651 1923 802 2009 σύμβολον
816 1928 850 1991 iv
861 1930 903 2013 sp*
913 1923 1025 2015 ἕβδόμῃ
1047 1922 1167 2013 συνόδῳ
1179 1926 1267 1991 ἐστίν
1285 1928 1320 1992 ἒν
1335 1931 1382 2009 βι-

289 2014 366 2098 βίίρε
381 2006 587 2094 παλαιοτάτῳ,
607 2012 659 2075 καί
673 2007 824 2076 όδόναεον
837 2010 1008 2093 διιονοῆσαι
1021 2011 1164 2096 γενέσθαι
1175 2009 1249 2075 ossei
1262 2013 1382 2076 hellc-

288 2094 349 2183 γήν
363 2096 398 2162 δν
411 2093 500 2185 αίνῷ.
543 2098 647 2180 ἔχομεν
662 2096 696 2161 δὲ
709 2092 860 2180 ίσιορυιδν
874 2094 971 2179 όνδροι
983 2093 1110 2162 παλαιόν
1125 2095 1179 2160 sul
1192 2092 1312 2178 σοφόν,
1332 2121 1381 2180 ys-

288 2179 423 2286 ρροφότα
441 2181 511 2265 περὶ
529 2188 649 2247 πολλῶν
671 2180 785 2252 ἄλλον,
807 2180 860 2245 soi
873 2179 913 2262 dri
927 2180 979 2245 soi
992 2181 1060 2263 περί
1075 2179 1189 2246 codron
1207 2179 1380 2261 διειληφότα

287 2262 1056 2433 tttt'„ttitsstrlttfitiitfltttt‘ttt
1064 2264 1379 2431 ιῖἶόῗίιὶόῖῗό

284 2438 415 2513 septima
426 2435 541 2513 syuodo
554 2448 599 2496 est
610 2440 644 2497 in
657 2437 735 2497 libro
748 2440 977 2518 antiquissimo,
996 2459 1050 2496 nec
1062 2440 1195 2517 cogitari
1206 2448 1266 2494 ιιιιε
1280 2439 1375 2514 erupi
1468 2432 1469 2437 ’

284 2538 352 2580 cum
370 2517 582 2597 sundommto
596 2533 700 2601 potest
723 2524 889 2582 alteratum
908 2534 964 2582 out
982 2534 1158 2602 corruptum
1175 2519 1213 2580 id
1225 2522 1370 2597 amplat

275 2604 390 2683 fuisse.
430 2603 577 2663 ίισδιιιιυι
596 2617 699 2665 autem
721 2608 919 2683 hunricum,
942 2610 1081 2687 priscam
1100 2607 1244 2665 nomime
1264 2615 1293 2660 er
1308 2623 1365 2660 ca-

278 2690 429 2771 phistem,
449 2692 585 2770 quicum
597 2688 636 2749 de
646 2692 721 2749 nls'ir
729 2692 878 2771 pharim&
892 2695 1032 2772 scripsit,
1052 2702 1121 2750 tum
1136 2690 1171 2751 de
1180 2690 1232 2746 Mc
1239 2690 1366 2766 proprie

284 2772 322 2833 de
343 2794 402 2855 quo
423 2795 505 2833 nunc
523 2777 647 2857 agitur,
667 2775 842 2854 affirmauit
861 2776 1029 2855 symbolum
1045 2779 1094 2836 sic
1108 2776 1260 2855 espossiae
1275 2781 1304 2830 et
1318 2772 1366 2830 le-

285 2870 369 2919 ctum
390 2857 477 2940 opud
496 2863 656 2942 septimam
667 2861 775 2941 fuisse
797 2860 959 2940 synodum.
1001 2880 1039 2922 ex
1062 2860 1110 2922 hie
1137 2859 1271 2921 habemus
1293 2856 1369 2918 setis

284 2954 369 3005 certo
392 2954 526 3006 constare
547 2946 707 3006 Nicaeusm
734 2946 893 3007 secundem
913 2946 1063 3028 synodum
1089 2944 1249 3025 generalem
1269 2943 1372 3022 septi-

285 3049 381 3105 mum,
402 3050 506 3092 revera
526 3030 665 3092 dirutum
684 3032 897 3112 professionem
911 3031 1110 3112 processionis
1130 3030 1232 3090 Sancti
1240 3029 1374 3110 Spiritus

284 3130 324 3173 ex
336 3114 401 3174 lilio
417 3117 744 3199 Constantinopolitano
760 3118 895 3198 symbolo
906 3116 1072 3194 addidisse,
1091 3124 1251 3193 utcumque
1266 3113 1377 3174 Graeci

283 3199 406 3277 quidam
427 3201 580 3263 codicibus
601 3203 827 3285 corrumpendis
846 3203 907 3264 eius
923 3201 968 3262 rei
983 3204 1092 3262 famam
1103 3200 1223 3261 obruere
1236 3200 1306 3257 sint
1321 3219 1378 3258 co-

281 3283 355 3347 nau
390 3304 483 3364 quare
496 3287 597 3349 Latini
609 3288 749 3369 deinceps
759 3288 867 3369 synodi
878 3287 1087 3348 oecumenicae
1098 3281 1273 3346 auctoritate
1287 3283 1378 3359 freti,

280 3386 346 3427 nou
359 3368 457 3429 solum
470 3380 603 3433 utentes
618 3393 695 3441 roca
705 3382 812 3450 mnus,
833 3373 887 3435 sed
902 3370 1015 3452 scripto
1026 3372 1086 3431 iem
1105 3386 1220 3451 quoque
1230 3367 1378 3427 vocabu-

278 3451 344 3513 lum
352 3452 486 3534 fllioque
503 3458 640 3538 symbolo
656 3459 785 3518 inserere
797 3467 970 3539 potuerunt.
1010 3457 1149 3516 nondum
1162 3464 1261 3514 tamen
1274 3454 1381 3515 aude-

278 3536 355 3596 bsnt
372 3540 539 3617 symbolum
560 3563 628 3603 cum
641 3544 698 3604 ists
713 3542 864 3609 additions
876 3543 956 3607 inter
967 3561 1051 3603 sscra
1064 3559 1185 3617 canem
1208 3539 1262 3620 qui
1275 3549 1381 3600 rests-

276 3622 330 3683 bet
343 3630 407 3682 tuns
420 3623 519 3686 edhuc
535 3627 567 3687 in
584 3629 670 3689 istius
682 3628 842 3692 edditiouis
855 3646 1014 3709 progressu
1027 3626 1137 3706 graden
1149 3625 1270 3686 tertius.
1315 3625 1381 3683 llo-

277 3707 360 3770 msni
374 3708 530 3789 pontifices
545 3728 615 3771 cum
634 3722 664 3772 et
679 3723 815 3779 constare
829 3713 867 3774 de
883 3713 1019 3792 dogmate
1032 3709 1232 3794 processionis
1248 3711 1284 3769 S.
1301 3710 1382 3789 Spi-

276 3792 356 3853 ritus
370 3812 408 3853 ex
418 3794 482 3854 filio
494 3794 645 3874 viderent,
666 3806 699 3858 et
717 3799 888 3878 symbolum
901 3798 1001 3879 ipsum
1013 3795 1159 3859 heberent
1179 3795 1299 3855 diserta
1314 3795 1381 3853 eius

276 3877 324 3938 rei
347 3880 533 3958 professione
558 3891 696 3959 auctum,
723 3885 823 3963 pelam
843 3882 1033 3965 propositum
1053 3903 1070 3940 a
1089 3879 1220 3961 generali
1240 3878 1380 3959 synodo,

276 3964 376 4025 minus
391 3966 587 4027 necessarlum
602 3967 748 4047 putabant
763 3969 798 4031 id
817 3968 885 4030 eddi
902 3975 1021 4028 mutato
1036 3966 1070 4029 iu
1080 3965 1204 4027 ecclesia
1220 3964 1379 4044 symbolo,

276 4049 359 4126 qnod
373 4051 444 4110 satis
458 4051 578 4112 etiuude
589 4052 622 4111 in
637 4072 672 4113 eo
685 4053 813 4133 intelligi
825 4052 1023 4118 confidebunt,
1066 4059 1149 4111 extet
1162 4049 1252 4109 istius
1268 4068 1379 4108 eornm

275 4133 330 4190 uti
344 4134 381 4191 de
394 4155 429 4194 rc
440 4133 547 4201 iudicii
560 4146 786 4201 monumentum
798 4138 917 4199 illustre
929 4138 963 4197 in
977 4135 1098 4219 primis,
1121 4134 1202 4214 quod
1218 4133 1272 4192 hic
1283 4132 1376 4225 'reci-

274 4214 333 4271 lari
350 4234 367 4274 ο
385 4237 419 4277 re
435 4229 522 4297 puto.
564 4240 645 4280 euno
658 4222 770 4285 Christi
782 4226 844 4288 809
859 4223 1005 4284 celebrate
1023 4230 1069 4283 est
1085 4216 1269 4299 aquisgrani
1282 4235 1377 4301 pree-

272 4303 356 4354 sanes
374 4297 554 4378 imparetore
573 4305 681 4366 Carolo
699 4307 807 4387 Magno
829 4308 970 4390 frequens
986 4304 1120 4388 synodus
1139 4300 1373 4363 Gallicanorum
