<?xml version="1.0" encoding="UTF-8"?>
<!DOCTYPE html PUBLIC "-//W3C//DTD XHTML 1.0 Transitional//EN"
    "http://www.w3.org/TR/xhtml1/DTD/xhtml1-transitional.dtd">
<html xmlns="http://www.w3.org/1999/xhtml" xml:lang="en" lang="en">
 <head>
  <title>
</title>
<meta http-equiv="Content-Type" content="text/html;charset=utf-8" />
  <meta name='ocr-system' content='tesseract 3.04.00' />
  <meta name='ocr-capabilities' content='ocr_page ocr_carea ocr_par ocr_line ocrx_word'/>
</head>
<body>
  <div class='ocr_page' id='page_1' title='image "./corpusscriptoru05berlgoog_0563.png"; bbox 0 0 3054 4842; ppageno 0'>
   <div class='ocr_carea' id='block_1_1' title="bbox 304 339 1099 419">
    <p class='ocr_par' dir='ltr' id='par_1_1' title="bbox 304 339 1099 419">
     <span class='ocr_line' id='line_1_1' title="bbox 304 339 1099 419; baseline -0.016 0"><span class='ocrx_word' id='word_1_1' title='bbox 304 346 379 419; x_wconf 80' lang='lat'>566</span> <span class='ocrx_word' id='word_1_2' title='bbox 605 341 841 412; x_wconf 80' lang='lat' dir='ltr'><strong>OBSERVAT.</strong></span> <span class='ocrx_word' id='word_1_3' title='bbox 861 339 1099 408; x_wconf 81' lang='lat' dir='ltr'><strong>PIGIIYIIER.</strong></span> 
     </span>
    </p>
   </div>
   <div class='ocr_carea' id='block_1_2' title="bbox 206 505 1495 4419">
    <p class='ocr_par' dir='ltr' id='par_1_2' title="bbox 206 505 1495 4419">
     <span class='ocr_line' id='line_1_2' title="bbox 303 505 1401 588; baseline -0.002 -15"><span class='ocrx_word' id='word_1_4' title='bbox 303 531 376 574; x_wconf 86' lang='lat' dir='ltr'>nera</span> <span class='ocrx_word' id='word_1_5' title='bbox 390 509 464 570; x_wconf 86' lang='lat' dir='ltr'>nihil</span> <span class='ocrx_word' id='word_1_6' title='bbox 476 507 674 570; x_wconf 80' lang='lat' dir='ltr'>honorificum</span> <span class='ocrx_word' id='word_1_7' title='bbox 688 520 742 568; x_wconf 89' lang='lat' dir='ltr'>aut</span> <span class='ocrx_word' id='word_1_8' title='bbox 760 516 847 568; x_wconf 84' lang='lat' dir='ltr'>tento</span> <span class='ocrx_word' id='word_1_9' title='bbox 862 506 978 588; x_wconf 82' lang='lat' dir='ltr'>fastigio</span> <span class='ocrx_word' id='word_1_10' title='bbox 1000 506 1122 588; x_wconf 70' lang='grc' dir='ltr'><strong><em>ὤρουον</em></strong></span> <span class='ocrx_word' id='word_1_11' title='bbox 1137 505 1280 570; x_wconf 78' lang='lat' dir='ltr'>habentis</span> <span class='ocrx_word' id='word_1_12' title='bbox 1290 520 1401 571; x_wconf 70' lang='lat' dir='ltr'>adna-</span> 
     </span>
     <span class='ocr_line' id='line_1_3' title="bbox 303 592 1399 676; baseline -0.001 -18"><span class='ocrx_word' id='word_1_13' title='bbox 303 598 366 660; x_wconf 87' lang='lat' dir='ltr'>rios</span> <span class='ocrx_word' id='word_1_14' title='bbox 381 596 481 676; x_wconf 90' lang='lat' dir='ltr'>potius</span> <span class='ocrx_word' id='word_1_15' title='bbox 495 614 529 654; x_wconf 90' lang='lat' dir='ltr'>sc</span> <span class='ocrx_word' id='word_1_16' title='bbox 545 593 682 672; x_wconf 70' lang='lat' dir='ltr'>vulgares</span> <span class='ocrx_word' id='word_1_17' title='bbox 694 592 805 652; x_wconf 83' lang='lat' dir='ltr'>scribes</span> <span class='ocrx_word' id='word_1_18' title='bbox 818 593 867 652; x_wconf 81' lang='lat' dir='ltr'>vel</span> <span class='ocrx_word' id='word_1_19' title='bbox 887 593 926 652; x_wconf 87' lang='lat' dir='ltr'>sd</span> <span class='ocrx_word' id='word_1_20' title='bbox 939 612 1088 653; x_wconf 74' lang='lat' dir='ltr'>summm</span> <span class='ocrx_word' id='word_1_21' title='bbox 1107 594 1250 657; x_wconf 83' lang='lat' dir='ltr'>tabularii</span> <span class='ocrx_word' id='word_1_22' title='bbox 1262 596 1399 657; x_wconf 86' lang='lat' dir='ltr'>custodes</span> 
     </span>
     <span class='ocr_line' id='line_1_4' title="bbox 304 677 1400 758; baseline 0 -16"><span class='ocrx_word' id='word_1_23' title='bbox 304 682 436 742; x_wconf 78' lang='lat' dir='ltr'>deceant.</span> <span class='ocrx_word' id='word_1_24' title='bbox 477 680 563 758; x_wconf 82' lang='lat' dir='ltr'>longe</span> <span class='ocrx_word' id='word_1_25' title='bbox 582 679 668 739; x_wconf 84' lang='lat' dir='ltr'>aliter</span> <span class='ocrx_word' id='word_1_26' title='bbox 687 677 954 743; x_wconf 70' lang='lat' dir='ltr'>Thessalonicensis</span> <span class='ocrx_word' id='word_1_27' title='bbox 973 680 1102 758; x_wconf 84' lang='lat' dir='ltr'>Symeon</span> <span class='ocrx_word' id='word_1_28' title='bbox 1121 680 1197 758; x_wconf 86' lang='lat' dir='ltr'>quid</span> <span class='ocrx_word' id='word_1_29' title='bbox 1210 684 1400 742; x_wconf 72' lang='lat' dir='ltr'>auctoritatis</span> 
     </span>
     <span class='ocr_line' id='line_1_5' title="bbox 303 761 1399 845; baseline 0.003 -19"><span class='ocrx_word' id='word_1_30' title='bbox 303 766 382 826; x_wconf 86' lang='lat' dir='ltr'>circa</span> <span class='ocrx_word' id='word_1_31' title='bbox 401 764 590 825; x_wconf 82' lang='lat' dir='ltr'>matrimonia</span> <span class='ocrx_word' id='word_1_32' title='bbox 604 761 822 845; x_wconf 74' lang='lat' dir='ltr'><strong>chartophylax</strong></span> <span class='ocrx_word' id='word_1_33' title='bbox 835 763 1002 823; x_wconf 80' lang='lat' dir='ltr'>exercuerit</span> <span class='ocrx_word' id='word_1_34' title='bbox 1016 764 1131 824; x_wconf 87' lang='lat' dir='ltr'>indicat</span> <span class='ocrx_word' id='word_1_35' title='bbox 1147 764 1196 824; x_wconf 83' lang='lat' dir='ltr'>Isis</span> <span class='ocrx_word' id='word_1_36' title='bbox 1212 767 1330 827; x_wconf 63' lang='lat' dir='ltr'>vernis:</span> <span class='ocrx_word' id='word_1_37' title='bbox 1349 765 1399 829; x_wconf 76' lang='lat' dir='ltr'>stol</span> 
     </span>
     <span class='ocr_line' id='line_1_6' title="bbox 302 843 1397 930; baseline -0.002 -16"><span class='ocrx_word' id='word_1_38' title='bbox 302 846 342 914; x_wconf 84' lang='lat' dir='ltr'>eoi</span> <span class='ocrx_word' id='word_1_39' title='bbox 357 853 417 913; x_wconf 82' lang='lat' dir='ltr'>sois</span> <span class='ocrx_word' id='word_1_40' title='bbox 429 843 536 930; x_wconf 76' lang='grc' dir='ltr'><strong><em>γάμων</em></strong></span> <span class='ocrx_word' id='word_1_41' title='bbox 547 850 681 930; x_wconf 76' lang='grc' dir='ltr'>νομίμως</span> <span class='ocrx_word' id='word_1_42' title='bbox 696 848 846 930; x_wconf 73' lang='grc' dir='ltr'><strong><em>φροντίζει</em></strong></span> <span class='ocrx_word' id='word_1_43' title='bbox 858 850 1006 930; x_wconf 71' lang='grc' dir='ltr'>γίνεσθαι</span> <span class='ocrx_word' id='word_1_44' title='bbox 1049 861 1085 908; x_wconf 81' lang='lat' dir='ltr'>ut</span> <span class='ocrx_word' id='word_1_45' title='bbox 1096 850 1232 930; x_wconf 78' lang='lat' dir='ltr'>legitime</span> <span class='ocrx_word' id='word_1_46' title='bbox 1249 852 1397 912; x_wconf 78' lang='lat' dir='ltr'>celebren-</span> 
     </span>
     <span class='ocr_line' id='line_1_7' title="bbox 304 932 1397 1014; baseline 0.003 -20"><span class='ocrx_word' id='word_1_47' title='bbox 304 946 359 994; x_wconf 83' lang='lat' dir='ltr'>tar</span> <span class='ocrx_word' id='word_1_48' title='bbox 370 936 568 993; x_wconf 84' lang='lat' dir='ltr'>matrimonio</span> <span class='ocrx_word' id='word_1_49' title='bbox 580 944 680 999; x_wconf 81' lang='lat' dir='ltr'>curat.</span> <span class='ocrx_word' id='word_1_50' title='bbox 721 953 813 1014; x_wconf 85' lang='lat' dir='ltr'>porro</span> <span class='ocrx_word' id='word_1_51' title='bbox 822 933 1008 994; x_wconf 88' lang='lat' dir='ltr'>institutione</span> <span class='ocrx_word' id='word_1_52' title='bbox 1026 932 1151 1010; x_wconf 82' lang='lat' dir='ltr'>Christi,</span> <span class='ocrx_word' id='word_1_53' title='bbox 1173 936 1226 1013; x_wconf 90' lang='lat' dir='ltr'>qui</span> <span class='ocrx_word' id='word_1_54' title='bbox 1239 938 1397 998; x_wconf 79' lang='lat' dir='ltr'>matrimo-</span> 
     </span>
     <span class='ocr_line' id='line_1_8' title="bbox 304 1017 1495 1103; baseline 0.002 -23"><span class='ocrx_word' id='word_1_55' title='bbox 304 1020 390 1081; x_wconf 83' lang='lat' dir='ltr'>nium</span> <span class='ocrx_word' id='word_1_56' title='bbox 405 1038 444 1079; x_wconf 84' lang='lat' dir='ltr'>ex</span> <span class='ocrx_word' id='word_1_57' title='bbox 456 1018 536 1080; x_wconf 84' lang='lat' dir='ltr'>civili</span> <span class='ocrx_word' id='word_1_58' title='bbox 549 1026 705 1079; x_wconf 86' lang='lat' dir='ltr'>contractu</span> <span class='ocrx_word' id='word_1_59' title='bbox 717 1017 749 1077; x_wconf 90' lang='lat' dir='ltr'>in</span> <span class='ocrx_word' id='word_1_60' title='bbox 760 1027 977 1079; x_wconf 76' lang='lat' dir='ltr'>monumentum</span> <span class='ocrx_word' id='word_1_61' title='bbox 990 1020 1106 1096; x_wconf 85' lang='lat' dir='ltr'>evexit,</span> <span class='ocrx_word' id='word_1_62' title='bbox 1128 1028 1165 1079; x_wconf 87' lang='lat' dir='ltr'>nt</span> <span class='ocrx_word' id='word_1_63' title='bbox 1174 1021 1209 1080; x_wconf 88' lang='lat' dir='ltr'>id</span> <span class='ocrx_word' id='word_1_64' title='bbox 1221 1022 1279 1081; x_wconf 86' lang='lat' dir='ltr'>rite</span> <span class='ocrx_word' id='word_1_65' title='bbox 1291 1041 1396 1103; x_wconf 81' lang='lat' dir='ltr'>perps-</span> <span class='ocrx_word' id='word_1_66' title='bbox 1494 1028 1495 1043; x_wconf 65' lang='lat'>¹</span> 
     </span>
     <span class='ocr_line' id='line_1_9' title="bbox 304 1103 1393 1186; baseline 0.001 -20"><span class='ocrx_word' id='word_1_67' title='bbox 304 1113 406 1166; x_wconf 79' lang='lat' dir='ltr'>metm</span> <span class='ocrx_word' id='word_1_68' title='bbox 425 1124 499 1184; x_wconf 90' lang='lat' dir='ltr'>opus</span> <span class='ocrx_word' id='word_1_69' title='bbox 517 1111 562 1163; x_wconf 88' lang='lat' dir='ltr'>est</span> <span class='ocrx_word' id='word_1_70' title='bbox 575 1124 657 1164; x_wconf 86' lang='lat' dir='ltr'>saera</span> <span class='ocrx_word' id='word_1_71' title='bbox 672 1103 769 1181; x_wconf 86' lang='lat' dir='ltr'>alique</span> <span class='ocrx_word' id='word_1_72' title='bbox 786 1103 970 1164; x_wconf 80' lang='lat' dir='ltr'>ecclesiasfiei</span> <span class='ocrx_word' id='word_1_73' title='bbox 988 1104 1116 1165; x_wconf 88' lang='lat' dir='ltr'>miuistri</span> <span class='ocrx_word' id='word_1_74' title='bbox 1134 1106 1304 1183; x_wconf 74' lang='lat' dir='ltr'>iuucfione,</span> <span class='ocrx_word' id='word_1_75' title='bbox 1327 1127 1393 1186; x_wconf 63' lang='lat' dir='ltr'>qun</span> 
     </span>
     <span class='ocr_line' id='line_1_10' title="bbox 303 1189 1394 1271; baseline 0.003 -21"><span class='ocrx_word' id='word_1_76' title='bbox 303 1198 343 1251; x_wconf 90' lang='lat' dir='ltr'>ut</span> <span class='ocrx_word' id='word_1_77' title='bbox 360 1190 514 1250; x_wconf 83' lang='lat' dir='ltr'>Everistus</span> <span class='ocrx_word' id='word_1_78' title='bbox 536 1189 753 1268; x_wconf 83' lang='lat' dir='ltr'>antiquissImus</span> <span class='ocrx_word' id='word_1_79' title='bbox 776 1190 911 1269; x_wconf 81' lang='lat' dir='ltr'>pontifex</span> <span class='ocrx_word' id='word_1_80' title='bbox 937 1189 1021 1269; x_wconf 80' lang='lat' dir='ltr'>epist</span> <span class='ocrx_word' id='word_1_81' title='bbox 1040 1190 1081 1249; x_wconf 87' lang='lat' dir='ltr'>sd</span> <span class='ocrx_word' id='word_1_82' title='bbox 1100 1190 1225 1271; x_wconf 79' lang='lat' dir='ltr'>episcop.</span> <span class='ocrx_word' id='word_1_83' title='bbox 1243 1192 1394 1252; x_wconf 76' lang='lat' dir='ltr'>Africanos</span> 
     </span>
     <span class='ocr_line' id='line_1_11' title="bbox 305 1272 1394 1355; baseline 0.001 -21"><span class='ocrx_word' id='word_1_84' title='bbox 305 1275 456 1353; x_wconf 88' lang='lat' dir='ltr'>quuitur,</span> <span class='ocrx_word' id='word_1_85' title='bbox 476 1273 622 1355; x_wconf 74' lang='lat' dir='ltr'>nubentes</span> <span class='ocrx_word' id='word_1_86' title='bbox 634 1295 690 1333; x_wconf 83' lang='lat' dir='ltr'>suo</span> <span class='ocrx_word' id='word_1_87' title='bbox 707 1283 836 1355; x_wconf 86' lang='lat' dir='ltr'>tempore</span> <span class='ocrx_word' id='word_1_88' title='bbox 848 1272 1092 1354; x_wconf 77' lang='lat' dir='ltr'>sacerdotaliter,</span> <span class='ocrx_word' id='word_1_89' title='bbox 1114 1286 1149 1334; x_wconf 84' lang='lat' dir='ltr'>ut</span> <span class='ocrx_word' id='word_1_90' title='bbox 1166 1296 1231 1334; x_wconf 88' lang='lat' dir='ltr'>mos</span> <span class='ocrx_word' id='word_1_91' title='bbox 1242 1288 1300 1351; x_wconf 86' lang='lat' dir='ltr'>eet,</span> <span class='ocrx_word' id='word_1_92' title='bbox 1323 1297 1394 1335; x_wconf 78' lang='lat' dir='ltr'>cum</span> 
     </span>
     <span class='ocr_line' id='line_1_12' title="bbox 301 1358 1392 1440; baseline 0.002 -23"><span class='ocrx_word' id='word_1_93' title='bbox 301 1358 447 1440; x_wconf 80' lang='lat' dir='ltr'>precibus</span> <span class='ocrx_word' id='word_1_94' title='bbox 460 1370 489 1418; x_wconf 87' lang='lat' dir='ltr'>et</span> <span class='ocrx_word' id='word_1_95' title='bbox 505 1359 710 1418; x_wconf 85' lang='lat' dir='ltr'>oblationibus</span> <span class='ocrx_word' id='word_1_96' title='bbox 724 1380 745 1417; x_wconf 84' lang='lat' dir='ltr'>a</span> <span class='ocrx_word' id='word_1_97' title='bbox 766 1358 921 1419; x_wconf 84' lang='lat' dir='ltr'>sacerdote</span> <span class='ocrx_word' id='word_1_98' title='bbox 939 1359 1160 1420; x_wconf 83' lang='lat' dir='ltr'>benedicantur.</span> <span class='ocrx_word' id='word_1_99' title='bbox 1198 1359 1285 1420; x_wconf 87' lang='lat' dir='ltr'>Isuios</span> <span class='ocrx_word' id='word_1_100' title='bbox 1297 1360 1392 1420; x_wconf 84' lang='lat' dir='ltr'>bene-</span> 
     </span>
     <span class='ocr_line' id='line_1_13' title="bbox 307 1443 1391 1525; baseline 0.003 -23"><span class='ocrx_word' id='word_1_101' title='bbox 307 1443 446 1502; x_wconf 86' lang='lat' dir='ltr'>dictionis</span> <span class='ocrx_word' id='word_1_102' title='bbox 457 1443 577 1503; x_wconf 85' lang='lat' dir='ltr'>effectus</span> <span class='ocrx_word' id='word_1_103' title='bbox 589 1445 654 1524; x_wconf 89' lang='lat' dir='ltr'>quis</span> <span class='ocrx_word' id='word_1_104' title='bbox 675 1444 727 1520; x_wconf 90' lang='lat' dir='ltr'>sit,</span> <span class='ocrx_word' id='word_1_105' title='bbox 757 1443 845 1504; x_wconf 89' lang='lat' dir='ltr'>docet</span> <span class='ocrx_word' id='word_1_106' title='bbox 857 1445 977 1504; x_wconf 73' lang='lat' dir='ltr'>Sinicius</span> <span class='ocrx_word' id='word_1_107' title='bbox 989 1445 1062 1505; x_wconf 89' lang='lat' dir='ltr'>item</span> <span class='ocrx_word' id='word_1_108' title='bbox 1073 1446 1203 1524; x_wconf 77' lang='lat' dir='ltr'>pontifex</span> <span class='ocrx_word' id='word_1_109' title='bbox 1217 1445 1338 1525; x_wconf 85' lang='lat' dir='ltr'>epistola</span> <span class='ocrx_word' id='word_1_110' title='bbox 1350 1445 1391 1505; x_wconf 87' lang='lat' dir='ltr'>ad</span> 
     </span>
     <span class='ocr_line' id='line_1_14' title="bbox 305 1527 1392 1610; baseline 0 -20"><span class='ocrx_word' id='word_1_111' title='bbox 305 1528 471 1590; x_wconf 84' lang='lat' dir='ltr'>Himerium</span> <span class='ocrx_word' id='word_1_112' title='bbox 488 1530 737 1589; x_wconf 75' lang='lat' dir='ltr'>Tarraconensem</span> <span class='ocrx_word' id='word_1_113' title='bbox 755 1548 780 1588; x_wconf 82' lang='lat' dir='ltr'>c</span> <span class='ocrx_word' id='word_1_114' title='bbox 798 1527 833 1607; x_wconf 81' lang='lat'>4,</span> <span class='ocrx_word' id='word_1_115' title='bbox 854 1529 906 1589; x_wconf 88' lang='lat' dir='ltr'>ubi</span> <span class='ocrx_word' id='word_1_116' title='bbox 921 1530 1121 1610; x_wconf 82' lang='lat' dir='ltr'>interrogatus</span> <span class='ocrx_word' id='word_1_117' title='bbox 1140 1533 1169 1588; x_wconf 87' lang='lat' dir='ltr'>ei</span> <span class='ocrx_word' id='word_1_118' title='bbox 1181 1528 1392 1609; x_wconf 83' lang='lat' dir='ltr'>desponsatam</span> 
     </span>
     <span class='ocr_line' id='line_1_15' title="bbox 305 1614 1391 1696; baseline 0.002 -23"><span class='ocrx_word' id='word_1_119' title='bbox 305 1614 368 1673; x_wconf 85' lang='lat' dir='ltr'>alii</span> <span class='ocrx_word' id='word_1_120' title='bbox 385 1615 523 1693; x_wconf 82' lang='lat' dir='ltr'>puellam</span> <span class='ocrx_word' id='word_1_121' title='bbox 543 1615 621 1674; x_wconf 84' lang='lat' dir='ltr'>alter</span> <span class='ocrx_word' id='word_1_122' title='bbox 639 1616 674 1673; x_wconf 89' lang='lat' dir='ltr'>in</span> <span class='ocrx_word' id='word_1_123' title='bbox 689 1616 920 1673; x_wconf 78' lang='lat' dir='ltr'>matrimonium</span> <span class='ocrx_word' id='word_1_124' title='bbox 931 1618 1033 1695; x_wconf 82' lang='lat' dir='ltr'>possit</span> <span class='ocrx_word' id='word_1_125' title='bbox 1048 1619 1200 1696; x_wconf 80' lang='lat' dir='ltr'>accepere,</span> <span class='ocrx_word' id='word_1_126' title='bbox 1219 1616 1391 1696; x_wconf 81' lang='lat' dir='ltr'>respondet:</span> 
     </span>
     <span class='ocr_line' id='line_1_16' title="bbox 305 1698 1390 1782; baseline 0.001 -24"><span class='ocrx_word' id='word_1_127' title='bbox 305 1698 365 1758; x_wconf 84' lang='lat' dir='ltr'>Isoc</span> <span class='ocrx_word' id='word_1_128' title='bbox 377 1701 483 1778; x_wconf 74' lang='lat' dir='ltr'>nefrat</span> <span class='ocrx_word' id='word_1_129' title='bbox 497 1698 597 1758; x_wconf 87' lang='lat' dir='ltr'>modis</span> <span class='ocrx_word' id='word_1_130' title='bbox 605 1699 744 1759; x_wconf 82' lang='lat' dir='ltr'>omnibses</span> <span class='ocrx_word' id='word_1_131' title='bbox 753 1699 932 1779; x_wconf 78' lang='lat' dir='ltr'>inhibemus,</span> <span class='ocrx_word' id='word_1_132' title='bbox 953 1704 1030 1781; x_wconf 84' lang='lat' dir='ltr'>quie</span> <span class='ocrx_word' id='word_1_133' title='bbox 1042 1703 1102 1760; x_wconf 79' lang='lat' dir='ltr'>illo</span> <span class='ocrx_word' id='word_1_134' title='bbox 1114 1700 1287 1777; x_wconf 81' lang='lat' dir='ltr'>benedictio,</span> <span class='ocrx_word' id='word_1_135' title='bbox 1304 1722 1390 1782; x_wconf 78' lang='lat' dir='ltr'>quom</span> 
     </span>
     <span class='ocr_line' id='line_1_17' title="bbox 306 1783 1388 1866; baseline 0 -22"><span class='ocrx_word' id='word_1_136' title='bbox 306 1795 462 1864; x_wconf 82' lang='lat' dir='ltr'>nupturas</span> <span class='ocrx_word' id='word_1_137' title='bbox 476 1783 617 1844; x_wconf 78' lang='lat' dir='ltr'>sacerdos</span> <span class='ocrx_word' id='word_1_138' title='bbox 638 1787 767 1864; x_wconf 78' lang='lat' dir='ltr'>imponit</span> <span class='ocrx_word' id='word_1_139' title='bbox 793 1784 882 1865; x_wconf 82' lang='lat' dir='ltr'>apud</span> <span class='ocrx_word' id='word_1_140' title='bbox 891 1783 1021 1865; x_wconf 82' lang='lat' dir='ltr'>fideles,</span> <span class='ocrx_word' id='word_1_141' title='bbox 1047 1786 1208 1866; x_wconf 69' lang='lat' dir='ltr'>sumilegii</span> <span class='ocrx_word' id='word_1_142' title='bbox 1228 1788 1325 1845; x_wconf 82' lang='lat' dir='ltr'>instar</span> <span class='ocrx_word' id='word_1_143' title='bbox 1340 1797 1388 1863; x_wconf 83' lang='lat' dir='ltr'>est,</span> 
     </span>
     <span class='ocr_line' id='line_1_18' title="bbox 306 1866 1388 1951; baseline 0.003 -24"><span class='ocrx_word' id='word_1_144' title='bbox 306 1872 339 1928; x_wconf 90' lang='lat' dir='ltr'>si</span> <span class='ocrx_word' id='word_1_145' title='bbox 349 1870 417 1930; x_wconf 81' lang='lat' dir='ltr'>oua</span> <span class='ocrx_word' id='word_1_146' title='bbox 429 1872 667 1951; x_wconf 81' lang='lat' dir='ltr'>transgressione</span> <span class='ocrx_word' id='word_1_147' title='bbox 679 1866 819 1933; x_wconf 75' lang='lat' dir='ltr'>violetur.</span> <span class='ocrx_word' id='word_1_148' title='bbox 859 1868 939 1930; x_wconf 90' lang='lat' dir='ltr'>hanc</span> <span class='ocrx_word' id='word_1_149' title='bbox 949 1870 1186 1932; x_wconf 85' lang='lat' dir='ltr'>benedictionem</span> <span class='ocrx_word' id='word_1_150' title='bbox 1197 1871 1388 1951; x_wconf 83' lang='lat' dir='ltr'>praesentslsus</span> 
     </span>
     <span class='ocr_line' id='line_1_19' title="bbox 306 1953 1389 2038; baseline 0 -24"><span class='ocrx_word' id='word_1_151' title='bbox 306 1953 341 2014; x_wconf 88' lang='lat' dir='ltr'>in</span> <span class='ocrx_word' id='word_1_152' title='bbox 367 1954 487 2014; x_wconf 89' lang='lat' dir='ltr'>ecclesis</span> <span class='ocrx_word' id='word_1_153' title='bbox 508 1956 622 2033; x_wconf 91' lang='lat' dir='ltr'>sponsis</span> <span class='ocrx_word' id='word_1_154' title='bbox 645 1975 663 2014; x_wconf 87' lang='lat' dir='ltr'>a</span> <span class='ocrx_word' id='word_1_155' title='bbox 688 1955 841 2015; x_wconf 86' lang='lat' dir='ltr'>sacerdote</span> <span class='ocrx_word' id='word_1_156' title='bbox 863 1957 990 2016; x_wconf 83' lang='lat' dir='ltr'>conferri</span> <span class='ocrx_word' id='word_1_157' title='bbox 1010 1957 1206 2035; x_wconf 83' lang='lat' dir='ltr'>antiquissimi</span> <span class='ocrx_word' id='word_1_158' title='bbox 1226 1976 1280 2038; x_wconf 85' lang='lat' dir='ltr'>per</span> <span class='ocrx_word' id='word_1_159' title='bbox 1296 1974 1389 2016; x_wconf 88' lang='lat' dir='ltr'>omues</span> 
     </span>
     <span class='ocr_line' id='line_1_20' title="bbox 308 2039 1389 2122; baseline 0.003 -25"><span class='ocrx_word' id='word_1_160' title='bbox 308 2039 444 2099; x_wconf 88' lang='lat' dir='ltr'>ecclesias</span> <span class='ocrx_word' id='word_1_161' title='bbox 455 2041 545 2099; x_wconf 88' lang='lat' dir='ltr'>moris</span> <span class='ocrx_word' id='word_1_162' title='bbox 556 2050 609 2100; x_wconf 89' lang='lat' dir='ltr'>cst.</span> <span class='ocrx_word' id='word_1_163' title='bbox 629 2039 738 2100; x_wconf 82' lang='lat' dir='ltr'>Concil.</span> <span class='ocrx_word' id='word_1_164' title='bbox 746 2039 882 2120; x_wconf 75' lang='lat' dir='ltr'>carthag.</span> <span class='ocrx_word' id='word_1_165' title='bbox 889 2041 1005 2102; x_wconf 84' lang='lat' dir='ltr'>IVCsn.</span> <span class='ocrx_word' id='word_1_166' title='bbox 1013 2042 1093 2101; x_wconf 82' lang='lat' dir='ltr'><strong>XIII.</strong></span> <span class='ocrx_word' id='word_1_167' title='bbox 1123 2063 1255 2121; x_wconf 82' lang='lat' dir='ltr'>sponsus</span> <span class='ocrx_word' id='word_1_168' title='bbox 1265 2054 1293 2101; x_wconf 89' lang='lat' dir='ltr'>et</span> <span class='ocrx_word' id='word_1_169' title='bbox 1303 2063 1389 2122; x_wconf 82' lang='lat' dir='ltr'>spon·</span> 
     </span>
     <span class='ocr_line' id='line_1_21' title="bbox 309 2122 1389 2208; baseline 0.005 -26"><span class='ocrx_word' id='word_1_170' title='bbox 309 2145 347 2182; x_wconf 87' lang='lat' dir='ltr'>sa</span> <span class='ocrx_word' id='word_1_171' title='bbox 362 2145 431 2182; x_wconf 85' lang='lat' dir='ltr'>cnm</span> <span class='ocrx_word' id='word_1_172' title='bbox 445 2122 636 2184; x_wconf 84' lang='lat' dir='ltr'>benedicendi</span> <span class='ocrx_word' id='word_1_173' title='bbox 654 2136 729 2184; x_wconf 84' lang='lat' dir='ltr'>sunt</span> <span class='ocrx_word' id='word_1_174' title='bbox 746 2146 768 2185; x_wconf 86' lang='lat' dir='ltr'>o</span> <span class='ocrx_word' id='word_1_175' title='bbox 781 2125 948 2202; x_wconf 85' lang='lat' dir='ltr'>sacerdote,</span> <span class='ocrx_word' id='word_1_176' title='bbox 970 2149 991 2185; x_wconf 86' lang='lat' dir='ltr'>a</span> <span class='ocrx_word' id='word_1_177' title='bbox 1002 2128 1187 2206; x_wconf 73' lang='lat' dir='ltr'>parentibus</span> <span class='ocrx_word' id='word_1_178' title='bbox 1200 2130 1265 2187; x_wconf 84' lang='lat' dir='ltr'>suis</span> <span class='ocrx_word' id='word_1_179' title='bbox 1279 2128 1389 2208; x_wconf 64' lang='lat' dir='ltr'>velpa</span> 
     </span>
     <span class='ocr_line' id='line_1_22' title="bbox 309 2210 1389 2293; baseline 0.002 -26"><span class='ocrx_word' id='word_1_180' title='bbox 309 2210 488 2290; x_wconf 84' lang='lat' dir='ltr'>ranymplsie</span> <span class='ocrx_word' id='word_1_181' title='bbox 501 2210 676 2293; x_wconf 83' lang='lat' dir='ltr'>offerantur.</span> <span class='ocrx_word' id='word_1_182' title='bbox 718 2212 788 2290; x_wconf 87' lang='lat' dir='ltr'>quia</span> <span class='ocrx_word' id='word_1_183' title='bbox 802 2231 874 2271; x_wconf 81' lang='lat' dir='ltr'>vero</span> <span class='ocrx_word' id='word_1_184' title='bbox 890 2211 1017 2291; x_wconf 86' lang='lat' dir='ltr'>episcopi</span> <span class='ocrx_word' id='word_1_185' title='bbox 1030 2222 1074 2272; x_wconf 85' lang='lat' dir='ltr'>est</span> <span class='ocrx_word' id='word_1_186' title='bbox 1093 2211 1246 2292; x_wconf 82' lang='lat' dir='ltr'>designare</span> <span class='ocrx_word' id='word_1_187' title='bbox 1259 2213 1389 2272; x_wconf 86' lang='lat' dir='ltr'>sacerdo-</span> 
     </span>
     <span class='ocr_line' id='line_1_23' title="bbox 309 2296 1389 2378; baseline 0.004 -26"><span class='ocrx_word' id='word_1_188' title='bbox 309 2302 385 2369; x_wconf 85' lang='lat' dir='ltr'>tem,</span> <span class='ocrx_word' id='word_1_189' title='bbox 410 2296 695 2376; x_wconf 82' lang='lat' dir='ltr'>quampotissimum</span> <span class='ocrx_word' id='word_1_190' title='bbox 712 2297 786 2357; x_wconf 85' lang='lat' dir='ltr'>velit</span> <span class='ocrx_word' id='word_1_191' title='bbox 806 2296 864 2356; x_wconf 89' lang='lat' dir='ltr'>ista</span> <span class='ocrx_word' id='word_1_192' title='bbox 888 2316 971 2356; x_wconf 74' lang='lat' dir='ltr'>mors</span> <span class='ocrx_word' id='word_1_193' title='bbox 990 2297 1070 2356; x_wconf 86' lang='lat' dir='ltr'>circs</span> <span class='ocrx_word' id='word_1_194' title='bbox 1083 2300 1220 2378; x_wconf 85' lang='lat' dir='ltr'>coniuges</span> <span class='ocrx_word' id='word_1_195' title='bbox 1233 2297 1389 2358; x_wconf 78' lang='lat' dir='ltr'>ceremonia</span> 
     </span>
     <span class='ocr_line' id='line_1_24' title="bbox 308 2378 1390 2463; baseline 0.005 -26"><span class='ocrx_word' id='word_1_196' title='bbox 308 2378 436 2456; x_wconf 82' lang='lat' dir='ltr'>defungi,</span> <span class='ocrx_word' id='word_1_197' title='bbox 449 2378 636 2458; x_wconf 89' lang='lat' dir='ltr'>patriarchae</span> <span class='ocrx_word' id='word_1_198' title='bbox 650 2380 965 2461; x_wconf 70' lang='lat' dir='ltr'>mnnsnnmpolissni</span> <span class='ocrx_word' id='word_1_199' title='bbox 974 2379 1052 2442; x_wconf 83' lang='lat' dir='ltr'>hauc</span> <span class='ocrx_word' id='word_1_200' title='bbox 1061 2384 1181 2463; x_wconf 88' lang='lat' dir='ltr'>proprie</span> <span class='ocrx_word' id='word_1_201' title='bbox 1193 2403 1290 2442; x_wconf 77' lang='lat' dir='ltr'>mnam</span> <span class='ocrx_word' id='word_1_202' title='bbox 1303 2381 1390 2441; x_wconf 64' lang='lat' dir='ltr'>chao</span> 
     </span>
     <span class='ocr_line' id='line_1_25' title="bbox 308 2461 1389 2546; baseline 0.001 -25"><span class='ocrx_word' id='word_1_203' title='bbox 308 2461 460 2541; x_wconf 87' lang='lat' dir='ltr'>tophylsci</span> <span class='ocrx_word' id='word_1_204' title='bbox 472 2465 534 2523; x_wconf 89' lang='lat' dir='ltr'>sive</span> <span class='ocrx_word' id='word_1_205' title='bbox 548 2466 721 2525; x_wconf 85' lang='lat' dir='ltr'>cancellario</span> <span class='ocrx_word' id='word_1_206' title='bbox 735 2487 789 2526; x_wconf 92' lang='lat' dir='ltr'>suo</span> <span class='ocrx_word' id='word_1_207' title='bbox 801 2466 1061 2539; x_wconf 82' lang='lat' dir='ltr'>demandaverunt,</span> <span class='ocrx_word' id='word_1_208' title='bbox 1082 2478 1116 2527; x_wconf 90' lang='lat' dir='ltr'>ut</span> <span class='ocrx_word' id='word_1_209' title='bbox 1130 2467 1248 2546; x_wconf 83' lang='lat' dir='ltr'>volipes</span> <span class='ocrx_word' id='word_1_210' title='bbox 1259 2485 1314 2545; x_wconf 88' lang='lat' dir='ltr'>per</span> <span class='ocrx_word' id='word_1_211' title='bbox 1327 2482 1389 2523; x_wconf 86' lang='lat' dir='ltr'>sesa</span> 
     </span>
     <span class='ocr_line' id='line_1_26' title="bbox 308 2545 1386 2629; baseline 0.003 -25"><span class='ocrx_word' id='word_1_212' title='bbox 308 2546 423 2625; x_wconf 83' lang='lat' dir='ltr'>sponsis</span> <span class='ocrx_word' id='word_1_213' title='bbox 441 2545 502 2606; x_wconf 89' lang='lat' dir='ltr'>hoc</span> <span class='ocrx_word' id='word_1_214' title='bbox 522 2548 611 2608; x_wconf 88' lang='lat' dir='ltr'>modo</span> <span class='ocrx_word' id='word_1_215' title='bbox 635 2549 837 2629; x_wconf 84' lang='lat' dir='ltr'>benediceret,</span> <span class='ocrx_word' id='word_1_216' title='bbox 865 2552 914 2613; x_wconf 74' lang='lat' dir='ltr'>vel</span> <span class='ocrx_word' id='word_1_217' title='bbox 938 2553 1115 2611; x_wconf 87' lang='lat' dir='ltr'>sacerdotem</span> <span class='ocrx_word' id='word_1_218' title='bbox 1137 2551 1252 2628; x_wconf 79' lang='lat' dir='ltr'>eligeret</span> <span class='ocrx_word' id='word_1_219' title='bbox 1278 2548 1386 2627; x_wconf 86' lang='lat' dir='ltr'>quiid</span> 
     </span>
     <span class='ocr_line' id='line_1_27' title="bbox 308 2631 1495 2713; baseline 0.004 -22"><span class='ocrx_word' id='word_1_220' title='bbox 308 2632 436 2707; x_wconf 83' lang='lat' dir='ltr'>Iaceret,</span> <span class='ocrx_word' id='word_1_221' title='bbox 458 2634 532 2690; x_wconf 90' lang='lat' dir='ltr'>adeo</span> <span class='ocrx_word' id='word_1_222' title='bbox 545 2633 669 2693; x_wconf 88' lang='lat' dir='ltr'>utcitra</span> <span class='ocrx_word' id='word_1_223' title='bbox 687 2636 748 2694; x_wconf 88' lang='lat' dir='ltr'>eius</span> <span class='ocrx_word' id='word_1_224' title='bbox 770 2656 919 2696; x_wconf 85' lang='lat' dir='ltr'>assensum</span> <span class='ocrx_word' id='word_1_225' title='bbox 939 2658 975 2697; x_wconf 87' lang='lat' dir='ltr'>sc</span> <span class='ocrx_word' id='word_1_226' title='bbox 997 2639 1103 2697; x_wconf 87' lang='lat' dir='ltr'>iussum</span> <span class='ocrx_word' id='word_1_227' title='bbox 1120 2635 1217 2694; x_wconf 89' lang='lat' dir='ltr'>nullus</span> <span class='ocrx_word' id='word_1_228' title='bbox 1234 2631 1386 2713; x_wconf 75' lang='lat' dir='ltr'>presbytes·</span> <span class='ocrx_word' id='word_1_229' title='bbox 1494 2658 1495 2669; x_wconf 58' lang='lat'>¹</span> 
     </span>
     <span class='ocr_line' id='line_1_28' title="bbox 308 2714 1387 2802; baseline 0 -26"><span class='ocrx_word' id='word_1_230' title='bbox 308 2714 342 2776; x_wconf 87' lang='lat' dir='ltr'>id</span> <span class='ocrx_word' id='word_1_231' title='bbox 358 2714 415 2774; x_wconf 87' lang='lat' dir='ltr'>rite</span> <span class='ocrx_word' id='word_1_232' title='bbox 434 2735 470 2775; x_wconf 90' lang='lat' dir='ltr'>ac</span> <span class='ocrx_word' id='word_1_233' title='bbox 487 2716 614 2795; x_wconf 83' lang='lat' dir='ltr'>legitime</span> <span class='ocrx_word' id='word_1_234' title='bbox 632 2728 732 2799; x_wconf 89' lang='lat' dir='ltr'>posset</span> <span class='ocrx_word' id='word_1_235' title='bbox 750 2740 843 2801; x_wconf 80' lang='lat' dir='ltr'>agere.</span> <span class='ocrx_word' id='word_1_236' title='bbox 885 2720 944 2782; x_wconf 88' lang='lat' dir='ltr'>hac</span> <span class='ocrx_word' id='word_1_237' title='bbox 961 2731 1006 2783; x_wconf 90' lang='lat' dir='ltr'>est</span> <span class='ocrx_word' id='word_1_238' title='bbox 1024 2721 1103 2802; x_wconf 86' lang='lat' dir='ltr'>quod</span> <span class='ocrx_word' id='word_1_239' title='bbox 1117 2720 1202 2780; x_wconf 81' lang='lat' dir='ltr'>docet</span> <span class='ocrx_word' id='word_1_240' title='bbox 1213 2717 1263 2777; x_wconf 79' lang='lat' dir='ltr'>laic</span> <span class='ocrx_word' id='word_1_241' title='bbox 1274 2726 1387 2795; x_wconf 85' lang='lat' dir='ltr'>noster,</span> 
     </span>
     <span class='ocr_line' id='line_1_29' title="bbox 311 2795 1391 2891; baseline 0.005 -31"><span class='ocrx_word' id='word_1_242' title='bbox 311 2800 384 2861; x_wconf 90' lang='lat' dir='ltr'>dum</span> <span class='ocrx_word' id='word_1_243' title='bbox 396 2800 436 2860; x_wconf 88' lang='lat' dir='ltr'>sit</span> <span class='ocrx_word' id='word_1_244' title='bbox 448 2795 616 2885; x_wconf 74' lang='grc' dir='ltr'><strong><em>προνόμιον</em></strong></span> <span class='ocrx_word' id='word_1_245' title='bbox 634 2822 697 2864; x_wconf 87' lang='lat' dir='ltr'>esse</span> <span class='ocrx_word' id='word_1_246' title='bbox 715 2802 954 2887; x_wconf 84' lang='lat' dir='ltr'>chartophylacis</span> <span class='ocrx_word' id='word_1_247' title='bbox 970 2805 1004 2872; x_wconf 79' lang='lat' dir='ltr'>so&#39;</span> <span class='ocrx_word' id='word_1_248' title='bbox 1018 2811 1195 2891; x_wconf 74' lang='grc' dir='ltr'><strong><em>προτροπαῖς</em></strong></span> <span class='ocrx_word' id='word_1_249' title='bbox 1210 2803 1324 2868; x_wconf 80' lang='lat' dir='ltr'>iselsoo</span> <span class='ocrx_word' id='word_1_250' title='bbox 1335 2800 1391 2878; x_wconf 73' lang='grc' dir='ltr'>τοὶς</span> 
     </span>
     <span class='ocr_line' id='line_1_30' title="bbox 310 2886 1395 2971; baseline -0.001 -21"><span class='ocrx_word' id='word_1_251' title='bbox 310 2887 475 2971; x_wconf 79' lang='grc' dir='ltr'><strong><em>ίεροίογίος</em></strong></span> <span class='ocrx_word' id='word_1_252' title='bbox 489 2888 637 2970; x_wconf 64' lang='grc' dir='ltr'>γίνεσθαι</span> <span class='ocrx_word' id='word_1_253' title='bbox 679 2911 738 2950; x_wconf 91' lang='lat' dir='ltr'>non</span> <span class='ocrx_word' id='word_1_254' title='bbox 757 2893 988 2969; x_wconf 83' lang='lat' dir='ltr'>sinefaenitate</span> <span class='ocrx_word' id='word_1_255' title='bbox 1009 2914 1050 2951; x_wconf 87' lang='lat' dir='ltr'>ac</span> <span class='ocrx_word' id='word_1_256' title='bbox 1065 2891 1209 2952; x_wconf 81' lang='lat' dir='ltr'>mossdsto</span> <span class='ocrx_word' id='word_1_257' title='bbox 1228 2886 1395 2950; x_wconf 76' lang='lat' dir='ltr'>eiassadhi-</span> 
     </span>
     <span class='ocr_line' id='line_1_31' title="bbox 310 2971 1396 3058; baseline 0.001 -26"><span class='ocrx_word' id='word_1_258' title='bbox 310 2972 376 3032; x_wconf 80' lang='lat' dir='ltr'>beri</span> <span class='ocrx_word' id='word_1_259' title='bbox 389 2976 507 3054; x_wconf 82' lang='lat' dir='ltr'>sponsis</span> <span class='ocrx_word' id='word_1_260' title='bbox 518 2994 540 3033; x_wconf 87' lang='lat' dir='ltr'>a</span> <span class='ocrx_word' id='word_1_261' title='bbox 557 2971 710 3035; x_wconf 80' lang='lat' dir='ltr'>sacerdote</span> <span class='ocrx_word' id='word_1_262' title='bbox 726 2977 791 3036; x_wconf 82' lang='lat' dir='ltr'>aelio</span> <span class='ocrx_word' id='word_1_263' title='bbox 804 2978 959 3058; x_wconf 78' lang='lat' dir='ltr'>nuptiales</span> <span class='ocrx_word' id='word_1_264' title='bbox 975 2976 1199 3038; x_wconf 79' lang='lat' dir='ltr'>benedictiones.</span> <span class='ocrx_word' id='word_1_265' title='bbox 1240 2995 1330 3056; x_wconf 85' lang='lat' dir='ltr'>quare</span> <span class='ocrx_word' id='word_1_266' title='bbox 1346 2975 1396 3035; x_wconf 90' lang='lat' dir='ltr'>ille</span> 
     </span>
     <span class='ocr_line' id='line_1_32' title="bbox 312 3053 1397 3147; baseline 0.003 -27"><span class='ocrx_word' id='word_1_267' title='bbox 312 3056 359 3132; x_wconf 74' lang='grc' dir='ltr'>τίς</span> <span class='ocrx_word' id='word_1_268' title='bbox 372 3062 433 3121; x_wconf 73' lang='grc' dir='ltr'><strong><em>τοῖν</em></strong></span> <span class='ocrx_word' id='word_1_269' title='bbox 447 3056 549 3142; x_wconf 77' lang='lat' dir='ltr'>ispius</span> <span class='ocrx_word' id='word_1_270' title='bbox 562 3053 595 3133; x_wconf 73' lang='grc' dir='ltr'>ὃς</span> <span class='ocrx_word' id='word_1_271' title='bbox 607 3061 675 3143; x_wconf 82' lang='grc' dir='ltr'><strong><em>δίχα</em></strong></span> <span class='ocrx_word' id='word_1_272' title='bbox 690 3066 744 3141; x_wconf 80' lang='grc' dir='ltr'>τῆς</span> <span class='ocrx_word' id='word_1_273' title='bbox 759 3058 1049 3145; x_wconf 40' lang='grc' dir='ltr'><strong><em>τοῦνχαρτοφύλοκος</em></strong></span> <span class='ocrx_word' id='word_1_274' title='bbox 1063 3065 1237 3147; x_wconf 76' lang='grc' dir='ltr'><strong><em>προτροπῆς</em></strong></span> <span class='ocrx_word' id='word_1_275' title='bbox 1250 3062 1397 3142; x_wconf 72' lang='grc' dir='ltr'>νυμφίους</span> 
     </span>
     <span class='ocr_line' id='line_1_33' title="bbox 312 3140 1399 3228; baseline 0.003 -26"><span class='ocrx_word' id='word_1_276' title='bbox 312 3140 468 3228; x_wconf 75' lang='grc' dir='ltr'><strong><em>ίερολόγοι,</em></strong></span> <span class='ocrx_word' id='word_1_277' title='bbox 488 3142 635 3205; x_wconf 80' lang='lat' dir='ltr'>sacerdos</span> <span class='ocrx_word' id='word_1_278' title='bbox 647 3145 776 3228; x_wconf 86' lang='lat' dir='ltr'>quidam</span> <span class='ocrx_word' id='word_1_279' title='bbox 786 3151 843 3228; x_wconf 85' lang='lat' dir='ltr'>qui</span> <span class='ocrx_word' id='word_1_280' title='bbox 856 3151 935 3207; x_wconf 88' lang='lat' dir='ltr'>citra</span> <span class='ocrx_word' id='word_1_281' title='bbox 947 3146 1132 3207; x_wconf 83' lang='lat' dir='ltr'>mandatum</span> <span class='ocrx_word' id='word_1_282' title='bbox 1144 3170 1182 3207; x_wconf 89' lang='lat' dir='ltr'>ac</span> <span class='ocrx_word' id='word_1_283' title='bbox 1193 3158 1303 3207; x_wconf 79' lang='lat' dir='ltr'>nutum</span> <span class='ocrx_word' id='word_1_284' title='bbox 1315 3146 1399 3205; x_wconf 75' lang='lat' dir='ltr'>cisar-</span> 
     </span>
     <span class='ocr_line' id='line_1_34' title="bbox 313 3227 1399 3313; baseline 0.007 -30"><span class='ocrx_word' id='word_1_285' title='bbox 313 3227 484 3306; x_wconf 82' lang='lat' dir='ltr'>tophyiacis</span> <span class='ocrx_word' id='word_1_286' title='bbox 493 3233 612 3310; x_wconf 68' lang='lat' dir='ltr'>sponde</span> <span class='ocrx_word' id='word_1_287' title='bbox 627 3229 830 3308; x_wconf 82' lang='lat' dir='ltr'>benedixerat,</span> <span class='ocrx_word' id='word_1_288' title='bbox 850 3234 1044 3313; x_wconf 89' lang='lat' dir='ltr'>suspensionis</span> <span class='ocrx_word' id='word_1_289' title='bbox 1057 3233 1096 3293; x_wconf 86' lang='lat' dir='ltr'>ob</span> <span class='ocrx_word' id='word_1_290' title='bbox 1111 3233 1146 3293; x_wconf 94' lang='lat' dir='ltr'>id</span> <span class='ocrx_word' id='word_1_291' title='bbox 1157 3252 1256 3313; x_wconf 84' lang='lat' dir='ltr'>poene</span> <span class='ocrx_word' id='word_1_292' title='bbox 1267 3241 1312 3292; x_wconf 89' lang='lat' dir='ltr'>est</span> <span class='ocrx_word' id='word_1_293' title='bbox 1323 3231 1399 3291; x_wconf 88' lang='lat' dir='ltr'>mul·</span> 
     </span>
     <span class='ocr_line' id='line_1_35' title="bbox 310 3315 1399 3401; baseline 0.01 -36"><span class='ocrx_word' id='word_1_294' title='bbox 310 3317 414 3386; x_wconf 84' lang='lat' dir='ltr'>totus,</span> <span class='ocrx_word' id='word_1_295' title='bbox 434 3323 470 3373; x_wconf 86' lang='lat' dir='ltr'>ut</span> <span class='ocrx_word' id='word_1_296' title='bbox 483 3335 556 3376; x_wconf 83' lang='lat' dir='ltr'>mox</span> <span class='ocrx_word' id='word_1_297' title='bbox 572 3315 765 3396; x_wconf 81' lang='lat' dir='ltr'>Pechymeres</span> <span class='ocrx_word' id='word_1_298' title='bbox 782 3318 939 3396; x_wconf 78' lang='lat' dir='ltr'>subiungit.</span> <span class='ocrx_word' id='word_1_299' title='bbox 980 3327 1026 3376; x_wconf 86' lang='lat' dir='ltr'>est</span> <span class='ocrx_word' id='word_1_300' title='bbox 1043 3319 1136 3397; x_wconf 84' lang='lat' dir='ltr'>igitur</span> <span class='ocrx_word' id='word_1_301' title='bbox 1155 3319 1307 3401; x_wconf 73' lang='grc' dir='ltr'><strong><em>ίεροίορίο</em></strong></span> <span class='ocrx_word' id='word_1_302' title='bbox 1320 3334 1399 3376; x_wconf 82' lang='lat' dir='ltr'>sacre</span> 
     </span>
     <span class='ocr_line' id='line_1_36' title="bbox 309 3393 1401 3482; baseline 0.011 -31"><span class='ocrx_word' id='word_1_303' title='bbox 309 3393 426 3454; x_wconf 81' lang='lat' dir='ltr'>functio</span> <span class='ocrx_word' id='word_1_304' title='bbox 438 3401 598 3461; x_wconf 86' lang='lat' dir='ltr'>sacerdotis</span> <span class='ocrx_word' id='word_1_305' title='bbox 611 3403 689 3462; x_wconf 85' lang='lat' dir='ltr'>circs</span> <span class='ocrx_word' id='word_1_306' title='bbox 699 3420 837 3480; x_wconf 87' lang='lat' dir='ltr'>sponsos,</span> <span class='ocrx_word' id='word_1_307' title='bbox 858 3401 977 3482; x_wconf 87' lang='lat' dir='ltr'>quando</span> <span class='ocrx_word' id='word_1_308' title='bbox 991 3402 1023 3462; x_wconf 92' lang='lat' dir='ltr'>in</span> <span class='ocrx_word' id='word_1_309' title='bbox 1038 3398 1160 3462; x_wconf 88' lang='lat' dir='ltr'>ecelesia</span> <span class='ocrx_word' id='word_1_310' title='bbox 1175 3405 1237 3463; x_wconf 87' lang='lat' dir='ltr'>rite</span> <span class='ocrx_word' id='word_1_311' title='bbox 1252 3403 1401 3462; x_wconf 86' lang='lat' dir='ltr'>matrimo-</span> 
     </span>
     <span class='ocr_line' id='line_1_37' title="bbox 310 3477 1401 3568; baseline 0.01 -34"><span class='ocrx_word' id='word_1_312' title='bbox 310 3477 362 3535; x_wconf 93' lang='lat' dir='ltr'>nio</span> <span class='ocrx_word' id='word_1_313' title='bbox 382 3477 562 3563; x_wconf 70' lang='lat' dir='ltr'>iunguntur,</span> <span class='ocrx_word' id='word_1_314' title='bbox 588 3486 620 3547; x_wconf 91' lang='lat' dir='ltr'>id</span> <span class='ocrx_word' id='word_1_315' title='bbox 640 3486 722 3565; x_wconf 90' lang='lat' dir='ltr'>quod</span> <span class='ocrx_word' id='word_1_316' title='bbox 740 3487 853 3547; x_wconf 84' lang='lat' dir='ltr'>dudum</span> <span class='ocrx_word' id='word_1_317' title='bbox 875 3497 962 3548; x_wconf 85' lang='lat' dir='ltr'>antea</span> <span class='ocrx_word' id='word_1_318' title='bbox 982 3507 1030 3546; x_wconf 89' lang='lat' dir='ltr'>ms</span> <span class='ocrx_word' id='word_1_319' title='bbox 1057 3487 1206 3548; x_wconf 85' lang='lat' dir='ltr'>docuerat</span> <span class='ocrx_word' id='word_1_320' title='bbox 1225 3485 1401 3568; x_wconf 73' lang='lat' dir='ltr'>ffioephorus</span> 
     </span>
     <span class='ocr_line' id='line_1_38' title="bbox 310 3560 1403 3651; baseline 0.014 -34"><span class='ocrx_word' id='word_1_321' title='bbox 310 3560 477 3639; x_wconf 84' lang='lat' dir='ltr'>Bsyennius</span> <span class='ocrx_word' id='word_1_322' title='bbox 490 3569 598 3630; x_wconf 82' lang='lat' dir='ltr'>Caesar</span> <span class='ocrx_word' id='word_1_323' title='bbox 607 3571 662 3631; x_wconf 88' lang='lat' dir='ltr'>snb</span> <span class='ocrx_word' id='word_1_324' title='bbox 676 3571 764 3631; x_wconf 87' lang='lat' dir='ltr'>linem</span> <span class='ocrx_word' id='word_1_325' title='bbox 781 3572 849 3632; x_wconf 87' lang='lat' dir='ltr'>libri</span> <span class='ocrx_word' id='word_1_326' title='bbox 863 3573 904 3633; x_wconf 94' lang='lat' dir='ltr'>III</span> <span class='ocrx_word' id='word_1_327' title='bbox 916 3575 1203 3635; x_wconf 82' lang='lat' dir='ltr'>commentariorum</span> <span class='ocrx_word' id='word_1_328' title='bbox 1222 3593 1242 3632; x_wconf 83' lang='lat' dir='ltr'>a</span> <span class='ocrx_word' id='word_1_329' title='bbox 1256 3589 1403 3651; x_wconf 81' lang='lat' dir='ltr'>menopes</span> 
     </span>
     <span class='ocr_line' id='line_1_39' title="bbox 312 3646 1403 3737; baseline 0.011 -34"><span class='ocrx_word' id='word_1_330' title='bbox 312 3646 478 3722; x_wconf 86' lang='lat' dir='ltr'>editorum,</span> <span class='ocrx_word' id='word_1_331' title='bbox 500 3652 553 3712; x_wconf 90' lang='lat' dir='ltr'>ubi</span> <span class='ocrx_word' id='word_1_332' title='bbox 572 3676 697 3715; x_wconf 76' lang='lat' dir='ltr'>nomano</span> <span class='ocrx_word' id='word_1_333' title='bbox 718 3657 879 3736; x_wconf 83' lang='lat' dir='ltr'>illegitimas</span> <span class='ocrx_word' id='word_1_334' title='bbox 896 3658 1013 3737; x_wconf 88' lang='lat' dir='ltr'>nuptias</span> <span class='ocrx_word' id='word_1_335' title='bbox 1024 3667 1130 3718; x_wconf 84' lang='lat' dir='ltr'>contra</span> <span class='ocrx_word' id='word_1_336' title='bbox 1145 3661 1298 3719; x_wconf 76' lang='lat' dir='ltr'>omnesne</span> <span class='ocrx_word' id='word_1_337' title='bbox 1310 3667 1403 3717; x_wconf 84' lang='lat' dir='ltr'>etten-</span> 
     </span>
     <span class='ocr_line' id='line_1_40' title="bbox 311 3728 1405 3823; baseline 0.01 -32"><span class='ocrx_word' id='word_1_338' title='bbox 311 3741 427 3792; x_wconf 85' lang='lat' dir='ltr'>tstsss</span> <span class='ocrx_word' id='word_1_339' title='bbox 451 3735 606 3798; x_wconf 86' lang='lat' dir='ltr'>Botaniate</span> <span class='ocrx_word' id='word_1_340' title='bbox 627 3728 764 3802; x_wconf 87' lang='lat' dir='ltr'>invasore</span> <span class='ocrx_word' id='word_1_341' title='bbox 782 3742 897 3822; x_wconf 88' lang='lat' dir='ltr'>imperii</span> <span class='ocrx_word' id='word_1_342' title='bbox 916 3763 985 3804; x_wconf 91' lang='lat' dir='ltr'>cum</span> <span class='ocrx_word' id='word_1_343' title='bbox 1006 3743 1101 3803; x_wconf 85' lang='lat' dir='ltr'>Maris</span> <span class='ocrx_word' id='word_1_344' title='bbox 1125 3743 1270 3823; x_wconf 63' lang='lat' dir='ltr'>Augusta</span> <span class='ocrx_word' id='word_1_345' title='bbox 1290 3743 1405 3820; x_wconf 80' lang='lat' dir='ltr'>coniuge</span> 
     </span>
     <span class='ocr_line' id='line_1_41' title="bbox 313 3817 1405 3903; baseline 0.006 -25"><span class='ocrx_word' id='word_1_346' title='bbox 313 3817 464 3878; x_wconf 78' lang='lat' dir='ltr'>Michaelis</span> <span class='ocrx_word' id='word_1_347' title='bbox 479 3820 577 3881; x_wconf 84' lang='lat' dir='ltr'>Duces</span> <span class='ocrx_word' id='word_1_348' title='bbox 594 3825 667 3885; x_wconf 91' lang='lat' dir='ltr'>solio</span> <span class='ocrx_word' id='word_1_349' title='bbox 681 3826 828 3888; x_wconf 83' lang='lat' dir='ltr'>deturbati</span> <span class='ocrx_word' id='word_1_350' title='bbox 845 3828 943 3888; x_wconf 88' lang='lat' dir='ltr'>adIsuc</span> <span class='ocrx_word' id='word_1_351' title='bbox 956 3829 1106 3903; x_wconf 82' lang='lat' dir='ltr'>viventis,</span> <span class='ocrx_word' id='word_1_352' title='bbox 1127 3830 1245 3901; x_wconf 82' lang='lat' dir='ltr'>refert,</span> <span class='ocrx_word' id='word_1_353' title='bbox 1270 3828 1405 3888; x_wconf 78' lang='lat' dir='ltr'>aornim</span> 
     </span>
     <span class='ocr_line' id='line_1_42' title="bbox 314 3905 1406 3993; baseline 0.01 -30"><span class='ocrx_word' id='word_1_354' title='bbox 314 3905 414 3984; x_wconf 88' lang='lat' dir='ltr'>sponsi</span> <span class='ocrx_word' id='word_1_355' title='bbox 428 3905 515 3966; x_wconf 90' lang='lat' dir='ltr'>ambo</span> <span class='ocrx_word' id='word_1_356' title='bbox 531 3908 564 3967; x_wconf 90' lang='lat' dir='ltr'>in</span> <span class='ocrx_word' id='word_1_357' title='bbox 578 3910 728 3971; x_wconf 88' lang='lat' dir='ltr'>ecclesiam</span> <span class='ocrx_word' id='word_1_358' title='bbox 741 3914 910 3993; x_wconf 78' lang='lat' dir='ltr'>venissent,</span> <span class='ocrx_word' id='word_1_359' title='bbox 932 3914 1116 3974; x_wconf 74' lang='lat' dir='ltr'>mcerdotem</span> <span class='ocrx_word' id='word_1_360' title='bbox 1136 3915 1191 3993; x_wconf 90' lang='lat' dir='ltr'>qui</span> <span class='ocrx_word' id='word_1_361' title='bbox 1208 3915 1252 3974; x_wconf 87' lang='lat' dir='ltr'>ad</span> <span class='ocrx_word' id='word_1_362' title='bbox 1262 3935 1328 3975; x_wconf 89' lang='lat' dir='ltr'>eam</span> <span class='ocrx_word' id='word_1_363' title='bbox 1339 3914 1406 3974; x_wconf 84' lang='lat' dir='ltr'>lun·</span> 
     </span>
     <span class='ocr_line' id='line_1_43' title="bbox 314 3990 1407 4081; baseline 0.011 -34"><span class='ocrx_word' id='word_1_364' title='bbox 314 3990 441 4049; x_wconf 88' lang='lat' dir='ltr'>ctionem</span> <span class='ocrx_word' id='word_1_365' title='bbox 458 3995 652 4072; x_wconf 85' lang='lat' dir='ltr'>peragendam</span> <span class='ocrx_word' id='word_1_366' title='bbox 668 4008 791 4076; x_wconf 86' lang='lat' dir='ltr'>paratus</span> <span class='ocrx_word' id='word_1_367' title='bbox 809 3999 907 4058; x_wconf 84' lang='lat' dir='ltr'>suerat</span> <span class='ocrx_word' id='word_1_368' title='bbox 923 3995 963 4080; x_wconf 79' lang='lat' dir='ltr'>(d</span> <span class='ocrx_word' id='word_1_369' title='bbox 974 3997 1089 4076; x_wconf 73' lang='grc' dir='ltr'><strong><em>μέλλων</em></strong></span> <span class='ocrx_word' id='word_1_370' title='bbox 1100 3994 1156 4079; x_wconf 71' lang='lat' dir='ltr'>eris</span> <span class='ocrx_word' id='word_1_371' title='bbox 1180 4002 1349 4081; x_wconf 73' lang='grc' dir='ltr'><strong><em>μνηστείαν</em></strong></span> <span class='ocrx_word' id='word_1_372' title='bbox 1367 4018 1407 4059; x_wconf 83' lang='lat' dir='ltr'>so·</span> 
     </span>
     <span class='ocr_line' id='line_1_44' title="bbox 312 4073 1406 4166; baseline 0.009 -31"><span class='ocrx_word' id='word_1_373' title='bbox 312 4073 407 4158; x_wconf 79' lang='grc' dir='ltr'><strong><em>λίσαι)</em></strong></span> <span class='ocrx_word' id='word_1_374' title='bbox 422 4077 569 4158; x_wconf 83' lang='lat' dir='ltr'>collegisse</span> <span class='ocrx_word' id='word_1_375' title='bbox 586 4100 618 4140; x_wconf 90' lang='lat' dir='ltr'>se</span> <span class='ocrx_word' id='word_1_376' title='bbox 630 4091 662 4142; x_wconf 91' lang='lat' dir='ltr'>et</span> <span class='ocrx_word' id='word_1_377' title='bbox 672 4093 817 4160; x_wconf 77' lang='lat' dir='ltr'>quantum</span> <span class='ocrx_word' id='word_1_378' title='bbox 830 4083 937 4162; x_wconf 87' lang='lat' dir='ltr'>pisculi</span> <span class='ocrx_word' id='word_1_379' title='bbox 949 4085 1143 4144; x_wconf 82' lang='lat' dir='ltr'>cossscisceret</span> <span class='ocrx_word' id='word_1_380' title='bbox 1152 4094 1362 4166; x_wconf 84' lang='lat' dir='ltr'>reputantem,</span> <span class='ocrx_word' id='word_1_381' title='bbox 1382 4078 1406 4139; x_wconf 74' lang='lat' dir='ltr'>ti</span> 
     </span>
     <span class='ocr_line' id='line_1_45' title="bbox 311 4157 1408 4245; baseline 0.006 -27"><span class='ocrx_word' id='word_1_382' title='bbox 311 4157 474 4237; x_wconf 79' lang='lat' dir='ltr'>bigamum,</span> <span class='ocrx_word' id='word_1_383' title='bbox 496 4165 580 4226; x_wconf 87' lang='lat' dir='ltr'>cuius</span> <span class='ocrx_word' id='word_1_384' title='bbox 593 4167 681 4226; x_wconf 87' lang='lat' dir='ltr'>etism</span> <span class='ocrx_word' id='word_1_385' title='bbox 695 4166 825 4227; x_wconf 84' lang='lat' dir='ltr'>secunde</span> <span class='ocrx_word' id='word_1_386' title='bbox 838 4188 916 4228; x_wconf 86' lang='lat' dir='ltr'>uxor</span> <span class='ocrx_word' id='word_1_387' title='bbox 935 4168 1035 4228; x_wconf 87' lang='lat' dir='ltr'>sdlsnc</span> <span class='ocrx_word' id='word_1_388' title='bbox 1045 4171 1176 4245; x_wconf 82' lang='lat' dir='ltr'>viveret,</span> <span class='ocrx_word' id='word_1_389' title='bbox 1200 4192 1274 4230; x_wconf 86' lang='lat' dir='ltr'>cum</span> <span class='ocrx_word' id='word_1_390' title='bbox 1290 4169 1408 4228; x_wconf 87' lang='lat' dir='ltr'>muliere</span> 
     </span>
     <span class='ocr_line' id='line_1_46' title="bbox 309 4245 1407 4329; baseline 0.014 -33"><span class='ocrx_word' id='word_1_391' title='bbox 309 4245 392 4299; x_wconf 89' lang='lat' dir='ltr'>cuius</span> <span class='ocrx_word' id='word_1_392' title='bbox 403 4246 472 4305; x_wconf 85' lang='lat' dir='ltr'>item</span> <span class='ocrx_word' id='word_1_393' title='bbox 480 4249 603 4310; x_wconf 85' lang='lat' dir='ltr'>meritus</span> <span class='ocrx_word' id='word_1_394' title='bbox 615 4250 715 4310; x_wconf 83' lang='lat' dir='ltr'>sdlsuc</span> <span class='ocrx_word' id='word_1_395' title='bbox 727 4261 876 4329; x_wconf 87' lang='lat' dir='ltr'>superstes</span> <span class='ocrx_word' id='word_1_396' title='bbox 888 4263 973 4326; x_wconf 84' lang='lat' dir='ltr'>esset,</span> <span class='ocrx_word' id='word_1_397' title='bbox 994 4254 1189 4313; x_wconf 81' lang='lat' dir='ltr'>ecelesiastica</span> <span class='ocrx_word' id='word_1_398' title='bbox 1201 4254 1407 4314; x_wconf 85' lang='lat' dir='ltr'>benedictione</span> 
     </span>
     <span class='ocr_line' id='line_1_47' title="bbox 206 4316 1495 4419; baseline 0.016 -42"><span class='ocrx_word' id='word_1_399' title='bbox 206 4316 297 4377; x_wconf 78' lang='lat' dir='ltr'>P³89</span> <span class='ocrx_word' id='word_1_400' title='bbox 313 4325 520 4409; x_wconf 76' lang='lat' dir='ltr'>coniungeret,</span> <span class='ocrx_word' id='word_1_401' title='bbox 540 4343 711 4397; x_wconf 79' lang='lat' dir='ltr'>sonantum</span> <span class='ocrx_word' id='word_1_402' title='bbox 723 4355 784 4396; x_wconf 90' lang='lat' dir='ltr'>esse</span> <span class='ocrx_word' id='word_1_403' title='bbox 800 4336 923 4415; x_wconf 87' lang='lat' dir='ltr'>prodire</span> <span class='ocrx_word' id='word_1_404' title='bbox 935 4358 973 4399; x_wconf 82' lang='lat' dir='ltr'>ox</span> <span class='ocrx_word' id='word_1_405' title='bbox 992 4339 1089 4398; x_wconf 76' lang='lat' dir='ltr'>alteri.</span> <span class='ocrx_word' id='word_1_406' title='bbox 1131 4346 1209 4399; x_wconf 87' lang='lat' dir='ltr'>tunc</span> <span class='ocrx_word' id='word_1_407' title='bbox 1221 4348 1326 4400; x_wconf 87' lang='lat' dir='ltr'>autom</span> <span class='ocrx_word' id='word_1_408' title='bbox 1337 4357 1407 4397; x_wconf 89' lang='lat' dir='ltr'>coo·</span> <span class='ocrx_word' id='word_1_409' title='bbox 1494 4414 1495 4419; x_wconf 8' lang='grc' dir='ltr'><strong><em>ρ</em></strong></span> 
     </span>
    </p>
   </div>
   <div class='ocr_carea' id='block_1_3' title="bbox 0 0 1539 4842">
    <p class='ocr_par' dir='ltr' id='par_1_3' title="bbox 0 0 1539 4842">
     <span class='ocr_line' id='line_1_48' title="bbox 0 0 1539 4842; baseline 0 0"><span class='ocrx_word' id='word_1_410' title='bbox 0 0 1539 4842; x_wconf 95' lang='lat' dir='ltr'> </span> 
     </span>
    </p>
   </div>
  </div>
 </body>
</html>
