2934 4838
239 258 317 335 toa
534 254 770 330 onsmvar.
794 252 1029 327 ranam

238 386 1356 506 mmupnfflmummoaaffianoetpoaemmm

241 514 352 577 tionem
363 521 395 571 et
407 511 574 572 unctionem
589 511 760 571 aolemaear.

323 596 453 672 Etenim,
474 595 498 655 ei
512 597 699 656 coniecturae
711 614 774 654 non
785 589 972 673 improbabili
984 592 1069 653 lucar
1084 591 1201 669 datur,
1223 594 1353 657 videtur

239 683 316 746 saeta
331 681 483 742 cmuuatio
495 680 646 741 Theodori
662 681 727 760 ipea
740 677 865 739 solemni
877 678 1037 738 securitate
1049 679 1226 739 nativitati·
1239 680 1352 740 Christi

238 768 364 842 domini,
385 766 448 827 eive
462 775 500 826 ut
513 786 552 826 ex
562 765 630 826 luce
644 764 703 825 diei
715 762 920 824 coteberaimaa
934 763 1035 831 aditae
1046 764 1088 823 ad
1100 765 1269 844 imperium
1281 767 1351 826 d·-

237 852 299 913 rior
312 851 463 925 exinteret,
484 851 548 911 eive
561 850 678 911 atinde
690 848 836 910 felicitatis
849 849 1006 927 angurium
1019 859 1156 909 aameret
1170 851 1347 930 imperatur,

238 936 322 1016 quod
333 935 477 1015 regnandi
490 935 670 1017 principium
680 935 802 1004 duceret
813 933 851 991 ab
863 952 898 992 oo
912 941 1045 1013 tempore
1055 954 1118 1012 quo
1132 933 1271 995 Christus
1279 938 1346 997 im·-

238 1022 317 1082 tium
336 1020 460 1082 vivendi
478 1021 608 1101 ieciaeet3
629 1040 688 1100 quo
709 1037 778 1080 rane
798 1017 890 1078 ruodo
904 1026 934 1077 et
946 1018 1063 1078 ratione
1077 1028 1186 1098 genter
1199 1031 1231 1082 et
1243 1022 1342 1083 ecde-

239 1107 299 1167 eiae
314 1106 509 1166 nobilissimae
523 1107 593 1166 anai
608 1104 764 1166 exordium
778 1125 796 1162 a
811 1100 923 1163 Christi
935 1104 1303 1185 mtaiibuaauepicautur.

324 1191 403 1253 Utut
422 1191 461 1251 rit
479 1191 517 1249 de
539 1191 602 1273 ipra
623 1200 723 1250 mente
745 1187 945 1269 imperatorie,
966 1198 1047 1249 certe
1062 1192 1127 1249 eiua
1142 1192 1268 1251 consilia
1279 1213 1339 1253 uon

240 1276 430 1339 mediocriter
452 1276 573 1336 turbare
595 1275 659 1336 viae
675 1284 721 1334 eet
735 1273 860 1334 deiectio
875 1272 944 1332 tolie
955 1283 1020 1333 um
1033 1274 1183 1352 incolome,
1205 1286 1273 1337 tam
1284 1279 1340 1337 cito

241 1372 311 1443 poet
328 1362 389 1421 eiua
405 1360 627 1425 coronationem
645 1363 732 1422 facta.
773 1359 838 1420 viee
853 1366 898 1417 eat
914 1360 991 1419 enirn
1004 1359 1091 1420 iuxta
1106 1361 1230 1422 ubatu
1244 1373 1341 1424 aaa·

242 1447 373 1507 uomicae
395 1445 443 1505 die
458 1450 500 1513 30
520 1446 694 1506 Decembria.
735 1444 799 1506 vieo
810 1462 914 1503 aercae
928 1443 1025 1518 coelo,
1046 1454 1138 1524 prout
1150 1446 1295 1509 innuitur
1305 1468 1342 1509 ex

242 1541 346 1594 notata
359 1531 397 1589 ab
408 1529 548 1591 historico
562 1530 746 1611 apparitione
758 1529 920 1590 atellaruru.
943 1530 1006 1590 viee
1013 1527 1091 1589 hore
1102 1542 1177 1610 poet
1187 1534 1343 1594 meridiem

139 1622 231 1680 Hit
247 1618 351 1692 tertia,
372 1625 442 1676 ante
461 1616 530 1676 colia
547 1636 686 1679 occaaum
706 1617 768 1676 tere
787 1615 902 1694 integra
922 1615 988 1675 lnce
1009 1613 1182 1693 deficiente,
1204 1619 1300 1681 uetur
1311 1621 1345 1680 iu

244 1703 327 1767 coela
349 1701 433 1762 velut
453 1700 485 1761 in
503 1701 654 1782 protunda
674 1710 763 1761 nocte
784 1708 851 1760 toto
872 1699 1036 1780 crepusculi
1048 1711 1186 1781 tempore
1199 1703 1236 1763 iu
1247 1704 1345 1765 deffl

243 1797 341 1848 terrae
358 1786 487 1846 tenebria
507 1786 725 1867 apparentibus.
766 1786 830 1846 viu
844 1784 964 1866 insuper
978 1793 1025 1843 eat
1035 1795 1120 1846 eexta
1133 1786 1185 1846 die
1198 1799 1272 1868 poet
1286 1790 1344 1849 im-

243 1872 390 1956 peratorie
408 1873 643 1947 coronationem,
664 1891 724 1949 quo
745 1871 900 1949 praecipue
919 1879 1052 1950 tempore
1070 1871 1162 1931 deco
1175 1875 1344 1935 ooaadhet

244 1960 343 2020 omina
361 1957 456 2017 tutari
469 1966 608 2037 crentur,
628 1976 691 2018 non
703 1954 767 2017 eine
778 1954 875 2016 multo
886 1955 919 2015 in
930 1974 1048 2016 omnem
1059 1966 1181 2038 partem
1193 1978 1341 2038 eamme,

243 2064 260 2104 a
280 2043 439 2104 iubentur.

260 2065 288 2125 8¹
327 2127 390 2190 Vll.
431 2126 470 2189 Et
485 2124 557 2188 hinc
573 2134 656 2208 patet
673 2123 865 2204 quamobrem
878 2123 1073 2206 Pachymerer
1083 2146 1148 2187 eam
1159 2128 1296 2208 eclipsim
1306 2139 1345 2190 at

240 2214 394 2275 sonutam
411 2213 527 2294 imperii
546 2220 720 2292 portentum
735 2211 767 2270 in
779 2210 844 2291 ipro
865 2210 966 2289 aditu,
986 2211 1020 2272 id
1036 2225 1081 2272 eet
1101 2223 1190 2274 nexta
1206 2215 1256 2277 dio
1274 2225 1343 2296 pont
1427 2256 1428 2289 ,

241 2297 393 2359 Theodori
414 2299 649 2375 coronationem,
670 2293 914 2357 coneiderandam
929 2295 1062 2371 dederit,
1083 2307 1120 2358 nt
1133 2301 1222 2377 quari
1236 2319 1276 2360 ex
1291 2302 1344 2361 su·
1427 2304 1428 2311 ’

239 2402 331 2444 nerea
343 2384 406 2442 sace
426 2392 587 2462 praeeunte
600 2402 664 2444 uon
676 2381 813 2443 diuturni
824 2380 940 2462 imperii
953 2382 1028 2443 mele
1042 2383 1178 2443 aminaea
1192 2385 1340 2465 uguitio·-

239 2467 284 2527 tio
302 2475 474 2544 caperetur,
496 2467 591 2544 qualia
608 2467 811 2546 augurationie
832 2474 863 2525 et
885 2468 1053 2547 exemplum
1071 2469 1105 2528 in
1124 2471 1343 2530 cumeorum
1427 2470 1428 2535 j

239 2548 386 2612 historici·
406 2548 601 2628 Pachymerea
621 2572 683 2613 non
702 2572 797 2615 unum
816 2550 939 2628 habuit,
964 2561 994 2612 et
1011 2553 1190 2615 recentiore·
1216 2575 1342 2632 quoque

241 2636 320 2697 idem
340 2633 474 2695 videmur
499 2634 666 2695 imitatione
689 2635 866 2714 celebrante,
887 2637 990 2699 natum
1003 2638 1077 2700 dum
1093 2658 1132 2698 ex
1144 2639 1238 2701 officie
1250 2641 1340 2698 rese-

240 2730 316 2785 rant
338 2718 446 2781 iudicia
467 2718 549 2799 vulgi
571 2718 727 2781 hominum
746 2721 778 2781 in
801 2721 876 2781 talea
903 2723 964 2783 iare
989 2725 1205 2803 praeugitiooea
1227 2725 1333 2801 proni,

136 2823 139 2830 ·
243 2808 359 2886 quotie·
375 2805 457 2868 iatine
476 2805 591 2886 penaria
606 2806 743 2867 waurin
754 2814 897 2888 portenta
907 2809 964 2870 aab
974 2810 1186 2891 principatuum
1196 2806 1336 2887 euspicio

241 2894 410 2955 incurrunt
907 2930 911 2935 ·
1427 2948 1428 2957 ,

326 2978 373 3038 Ex
393 2975 453 3037 hoc
471 2983 544 3037 aunt
565 2995 671 3056 genere
696 2996 772 3055 quae
788 2976 871 3060 apud
891 2976 1002 3040 Iulium
1021 2976 1187 3060 Capitolium
1199 2975 1235 3037 in
1248 2976 1338 3039 Gor-

244 3059 334 3123 diano
355 3063 456 3123 Tertio
473 3061 625 3141 leguntur.
666 3061 720 3123 ubi
738 3063 818 3125 enim
834 3062 916 3123 hunc
933 3064 1060 3145 caepim
1071 3064 1211 3142 imperare
1221 3064 1340 3124 retulit

242 3143 419 3222 historicae,
446 3148 548 3209 atatim
574 3146 728 3227 adiungit:
755 3146 810 3208 red
827 3147 980 3209 indicium
997 3171 1056 3210 non
1076 3145 1129 3207 diu
1148 3150 1340 3227 inopereture‘
1427 3160 1428 3187 ³

245 3229 401 3291 Gordiani
412 3230 566 3311 hocfur't,
587 3231 671 3313 quod
680 3234 800 3313 eclipair
813 3233 889 3292 ralia
894 3235 991 3314 sactu
1003 3246 1063 3311 ert,
1082 3245 1115 3295 ut
1129 3254 1188 3293 noa
1199 3232 1339 3293 credere-

242 3327 293 3375 tur
304 3338 399 3395 neque
411 3320 477 3376 eine
488 3316 659 3377 hnunidue
671 3321 806 3379 coneneie
817 3316 989 3399 quidquam
1002 3324 1061 3400 api
1067 3330 1177 3401 parret.
1216 3319 1262 3378 ita
1274 3318 1339 3396 ille,

240 3401 309 3460 eoiia
323 3400 517 3462 desectionem
530 3402 656 3462 ianueue
667 3422 743 3482 quae
754 3423 833 3464 anuo
845 3402 957 3464 Christi
968 3410 1047 3480 237,
1076 3411 1116 3472 12
1128 3403 1250 3486 Aprilia,
1269 3404 1342 3465 lto-

240 3505 307 3547 mae
322 3486 386 3545 vira
403 3484 552 3565 hodieque
568 3508 606 3548 ex
619 3487 729 3549 tabuiia
744 3487 986 3570 deprehenditur.
1027 3494 1139 3551 Sextue
1153 3491 1226 3551 itena
1241 3490 1344 3551 Anae-

164 3622 166 3626 .
238 3571 298 3632 liua
315 3571 417 3632 Victor
435 3591 515 3631 anno
529 3592 560 3633 u.
575 3593 600 3633 c
619 3577 717 3650 1062.
737 3594 807 3635 cum
820 3586 972 3636 narraeaet
984 3595 1087 3655 pacem
1098 3576 1178 3636 inter
1191 3576 1343 3655 Augure·

238 3657 467 3718 Corratantinurn
484 3664 515 3716 et
531 3657 676 3719 Liciniam
693 3660 817 3735 facum,
838 3659 959 3721 adecitie
974 3660 1007 3721 in
1027 3662 1210 3723 coneortium
1222 3660 1344 3741 imperii

239 3744 397 3803 Caesarum
423 3742 543 3802 nomine
570 3744 726 3823 utriunque
751 3745 851 3805 liberie
872 3746 976 3826 Criapo
1006 3754 1039 3806 et
1056 3746 1252 3806 constentino
1272 3746 1343 3806 titii·

239 3828 426 3893 Constantini
437 3836 469 3887 et
480 3826 627 3889 Liciniano
642 3828 703 3889 filio
717 3829 835 3906 Licinii,
856 3830 1005 3911 adiungite
1026 3830 1113 3912 qued
1131 3828 1272 3913 equidem
1288 3833 1344 3891 vix

238 3910 425 3973 diuturnum
443 3935 535 3996 neque
552 3912 603 3972 laia
621 3917 677 3994 qui
690 3914 1111 3996 accuminaturseliefore,
1133 3915 1344 3994 defeetuaolie

229 3996 359 4080 firedato
371 3997 480 4058 iisdem
490 3998 642 4059 meminus
653 3997 911 4083 dieputesuctum.
954 4002 1075 4082 contigit
1085 4021 1120 4060 ea
1132 4001 1248 4083 eclipeie
1259 4021 1344 4062 anno

237 4081 349 4144 Chriati
367 4089 444 4161 317,
465 4088 507 4150 20
528 4084 703 4145 neumare.
744 4086 789 4146 ita
803 4086 892 4148 etiam
904 4107 967 4148 non
983 4087 1026 4147 ita
1040 4087 1136 4148 veteri
1145 4095 1271 4167 patrum
1285 4107 1347 4147 no-

236 4176 369 4227 atrorum
389 4168 531 4227 memoria
562 4168 723 4231 observant
747 4170 891 4235 hietoriae
917 4172 1046 4233 Gallicae
1072 4173 1234 4252 acriptores
1262 4191 1345 4232 anno

235 4246 347 4308 Cluieti
363 4250 455 4329 1544,
475 4270 536 4329 quo
554 4262 643 4313 natue
653 4262 699 4316 eat
709 4254 887 4320 Franciacua
899 4257 1055 4320 Secundae
1066 4256 1208 4336 Valeriae,
1228 4266 1344 4337 quarto
