2992 4840
229 335 303 404 250
542 329 718 400 GEORGII
737 328 1000 399 PACHYMERIS

228 503 398 595 φερομίνῃς
416 507 538 587 πλῆθος
559 501 688 568 ἕπεσθαι
701 506 852 587 γυναικῶν
860 551 870 582 ,
897 497 935 577 ἃς
947 499 986 585 δὴ
1001 502 1053 565 καὶ
1067 498 1211 588 ίκφωνεῖν
1224 495 1324 584 dray-

156 684 160 693 .
227 618 315 673 καῖον
334 605 391 689 τὴν
410 605 514 691 δίησιν
542 602 670 670 κατόπιν
690 602 834 688 ἥκοάσας.
892 601 1012 670 τούτων
1035 596 1091 669 σίν
1110 601 1323 688 ὀλοφυρτικῶς

227 709 306 776 κατά
320 713 454 796 Περσῶν
473 710 524 772 καὶ
541 703 691 793 Τοχάρωκ
713 712 967 788 θεοκλυτουσῶν,
998 705 1077 782 sinric
1090 704 1130 771 τά
1145 709 1324 790 τῆςφωνῆς

227 816 377 893 διελθεῖν,
404 813 455 876 καὶ
467 817 622 893 συμβῆναι
645 809 703 887 τάς
723 812 780 894 μίν
802 810 877 875 κατ’
897 809 1017 875 ἐκείνων
1039 803 1323 894 μεγαλοφωνοάσιις

227 920 414 981 ποτνιᾶσθαι
422 963 433 994 ,
460 914 533 990 τοὺς
550 915 584 979 δὲ
600 913 686 998 πίριξ
697 917 747 978 καί
761 913 878 991 ἔξωθεν
891 912 948 997 τὴν
965 911 1072 999 φωνὴν
1087 911 1267 995 δεχομένους
1279 908 1346 980 raia

119 1041 141 1094 Ρ
159 1041 209 1095 166
225 1017 297 1084 κατ’
313 1016 433 1082 ἐκείνων
449 1012 492 1092 ὥς
511 1018 578 1102 περί
598 1015 716 1084 ἐκείνων
734 1016 903 1102 ίρχομίνωκ
917 1011 1139 1098 ,iratundiam
1163 1014 1214 1079 καλ
1236 1009 1320 1078 υάτω

225 1123 412 1202 διαδοθῆναι
428 1116 551 1202 συνάμα
567 1117 657 1208 φόβῳ
676 1118 730 1185 τδν
744 1117 852 1206 λόγον,
878 1120 929 1184 καί
944 1118 1002 1195 τάς
1013 1124 1075 1184 τῶν
1089 1121 1212 1183 πολλῶν
1224 1112 1323 1191 cicade

224 1230 402 1310 πληροῦνται
416 1226 597 1308 παραθῆξαι
613 1224 667 1289 τὸν
678 1218 830 1308 θόρυβον.
855 1220 927 1288 ἀλλ’
941 1221 1048 1287 ίκεῖκοι
1059 1221 1116 1303 μίν
1130 1217 1241 1297 οὕτως,
1256 1215 1273 1283 ὅ
1287 1217 1324 1283 dl

224 1352 257 1414 γε
272 1323 416 1409 βασιλεάς
429 1324 509 1407 μετά
524 1333 624 1391 ταῦτα
642 1325 758 1408 μαθών
774 1324 858 1402 ὅπως
879 1324 1014 1410 γίνοιτο,
1048 1319 1270 1409 δπερεπάθησέ
1287 1345 1320 1387 τε

225 1431 277 1496 καί
291 1428 419 1512 πέμψας
432 1427 483 1494 διὰ
497 1425 688 1514 γραμμάτων
707 1428 748 1494 τά
768 1428 869 1495 πολλὰ
885 1428 1116 1511 κατεμίμψατο.
1165 1426 1248 1510 μηδὲ
1260 1422 1319 1510 γάρ
1329 1438 1362 1491 to

223 1531 346 1618 ἀνδρῶν
367 1528 441 1597 εἶναι
464 1533 623 1619 φρονίμων
646 1533 697 1596 καί
712 1537 786 1596 νοῦν
805 1528 936 1615 ἑχόντων
952 1528 1029 1615 πρὸς
1052 1529 1088 1596 τίν
1106 1537 1319 1612 παρεμπῖπτον

215 1641 279 1718 τῆς
295 1631 401 1722 φήμης
414 1635 668 1718 θορυβουμίνους
688 1632 785 1712 sidric
801 1640 968 1718 θορυβεῖν·
995 1634 1058 1698 δεῖν
1079 1632 1139 1719 γὰρ
1153 1632 1265 1696 ίννοεῖν
1281 1629 1318 1696 sd

222 1743 279 1805 τοῦ
295 1734 476 1824 πράγματος
490 1735 722 1817 ἀνυπόστατον,
749 1738 800 1801 καί
820 1736 904 1813 ὅπως
918 1737 1028 1821 ίχθροί
1045 1735 1091 1820 μὴ
1108 1730 1318 1820 περικαθήμε-

184 1865 207 1919 Β
225 1865 271 1908 ros
287 1838 374 1907 πάλιν
384 1839 467 1925 μηδ’
485 1841 517 1907 ίν
527 1847 594 1928 χρῷ
607 1846 671 1906 τῶν
680 1836 804 1925 πύργων
819 1838 914 1920 ὅντες,
941 1837 1022 1905 ἀλλὰ
1034 1834 1123 1921 μόλις
1137 1839 1189 1903 καί
1203 1831 1316 1902 ἀκουά-

221 1969 306 2026 μενοι
328 1939 484 2029 διάγοντες
507 1946 539 2010 ἓν
561 1944 710 2031 Περσίδι,
737 1942 848 2008 αὐτίκα
870 1941 1057 2025 παμπληθές
1079 1940 1243 2024 άπίχοντες
1261 1952 1357 2004 art-15

220 2047 387 2123 τασθίντες
401 2046 525 2128 ίμβαῖεν
539 2048 610 2130 δίχα
626 2046 761 2129 πολίμου
776 2048 827 2111 καί
844 2050 1032 2131 προσβολῆς.
1083 2050 1184 2109 ταῦτα
1206 2044 1255 2108 καί
1275 2041 1315 2106 τὰ

218 2155 350 2215 τοιαῦτα
369 2144 494 2235 γράψας
516 2152 566 2214 καί
591 2148 741 2225 ὀνειδίσας
764 2145 781 2215 δ
801 2148 947 2231 βασιλεὺς
968 2150 1011 2223 είς
1030 2146 1065 2214 τά
1089 2144 1159 2232 ἑξῆς
1178 2149 1318 2212 καθίστα

219 2251 298 2339 πρὸς
312 2252 348 2319 td
364 2250 626 2340 cipolcsrdtrpor
637 2251 692 2319 τὸν
708 2248 793 2319 λαόν.

219 2415 300 2476 tium3
318 2432 350 2467 ac
365 2415 486 2469 videlicet
502 2432 568 2485 quse
584 2420 646 2470 tunc
663 2416 771 2470 maxime
787 2415 928 2483 timebunt,
945 2414 1067 2469 distincte
1082 2414 1209 2484 poscenda
1224 2427 1312 2464 eorum

217 2482 371 2536 liberatione
387 2484 531 2536 nominatim
547 2486 754 2555 exprimentium,
774 2501 823 2537 acc
845 2487 902 2538 siae
918 2484 1013 2538 eiulatu
1029 2482 1230 2553 ingeminantium
1245 2481 1312 2533 '‘de-

218 2551 296 2604 iende
312 2568 358 2604 nos
376 2552 439 2604 deus
455 2569 471 2605 a
489 2553 585 2617 Persis,
601 2570 619 2606 a
635 2554 762 2607 Tocharis
778 2570 850 2618 erus,
866 2571 883 2607 a
900 2553 1018 2607 barbaris
1034 2571 1080 2606 uos
1097 2554 1160 2606 deas
1173 2553 1314 2632 protege.“

218 2618 282 2673 tulin
299 2636 356 2673 cum
373 2620 546 2673 meticulosum
563 2638 643 2688 genus
660 2622 864 2675 muliercularum
890 2630 918 2675 et
934 2623 959 2675 in
976 2622 1010 2674 iis
1027 2628 1242 2675 consternataores
1257 2618 1317 2672 sni-

218 2688 292 2741 culse
329 2690 435 2742 ussdsm
452 2689 656 2745 vociferarentur
672 2693 789 2756 acutius,
812 2689 935 2745 credibile
951 2700 992 2744 est
1009 2708 1087 2744 voces
1103 2691 1160 2744 illas
1176 2689 1317 2742 Persarum

217 2766 246 2810 et
262 2757 320 2810 'l'oc
353 2776 437 2812 rorum
455 2758 613 2828 percurrisse
634 2776 710 2812 aures
726 2759 885 2830 quorundam
902 2760 970 2813 aliud
993 2760 1139 2829 agentium,
1156 2766 1186 2811 et
1201 2760 1317 2812 nontate

216 2826 275 2896 ipsa
296 2844 329 2880 ac
352 2835 413 2881 tono
439 2827 598 2881 formidinem
621 2830 720 2893 cicuta,
743 2831 849 2892 multus,
874 2830 1015 2883 indiscusso
1036 2829 1124 2883 statim
1147 2827 1241 2880 indicio
1267 2828 1316 2897 pli·

215 2903 313 2961 sceute,
330 2896 356 2950 iu
373 2896 510 2951 absurdam
526 2898 698 2967 ingressorum
711 2898 800 2951 urbem
819 2897 939 2963 istorum,
957 2915 1022 2968 quos
1039 2898 1163 2968 appellari
1180 2897 1317 2950 audierant

215 2966 357 3032 nominum,
373 2966 516 3038 opinionem
532 2985 565 3020 ac
581 2968 656 3019 iidem
673 2966 753 3020 fuisse
768 2967 874 3020 ridicule
888 2976 1041 3038 pertractos.
1074 2984 1133 3020 uem
1149 2984 1181 3020 ne
1199 2967 1252 3019 cito
1267 2966 1314 3018 de-

214 3034 415 3103 prehenderetur
430 3037 528 3106 primas
545 3053 634 3101 error,
659 3036 874 3106 perturbationem
898 3053 930 3088 ex
946 3036 1004 3089 dira
1020 3037 1147 3089 mentione
1161 3037 1249 3089 statim
1265 3052 1316 3087 aa·

215 3109 270 3155 tsm
286 3104 430 3163 obstitisse,
452 3113 480 3158 et
496 3106 685 3175 persuasionem
711 3122 767 3157 cum
790 3114 859 3158 metu
876 3104 930 3158 lste
945 3106 1132 3158 disseminasse.
1165 3105 1204 3157 ite
1219 3104 1314 3156 warul-

214 3177 269 3223 tum
286 3172 357 3225 urbis
374 3174 487 3227 stillam
503 3176 616 3228 insanam
634 3173 829 3244 trepidationem
846 3182 928 3227 urtam
945 3184 1106 3245 auctamque.
1139 3173 1179 3226 sic
1195 3174 1229 3226 itti
1246 3189 1312 3224 con·

173 3298 177 3307 ¹
214 3236 341 3293 iectsntea
367 3241 535 3297 dis'serebsnt
573 3251 703 3297 caeterum
730 3242 870 3312 imperatur
891 3243 935 3295 ubi
958 3261 991 3297 ea
1015 3252 1075 3313 post
1096 3242 1229 3311 cognovit,
1251 3258 1312 3294 cara

213 3306 359 3360 humaniter
375 3326 521 3381 compassus
538 3313 622 3366 errori
638 3320 687 3378 est,
703 3319 760 3365 turn
776 3312 857 3366 literis
872 3311 977 3381 scriptis
993 3313 1060 3365 baud
1077 3310 1249 3382 perfsmctorio
1261 3310 1312 3362 du-

213 3391 257 3427 ces
280 3378 431 3460 praesertim
453 3381 628 3450 primoresque
650 3381 827 3463 reprehendit..
850 3398 947 3463 negano
969 3382 1082 3434 virorum
1098 3381 1262 3450 prudentium
1280 3396 1313 3432 ac

212 3447 484 3568 tumulltu
497 3460 707 3583 illll'aiidss
729 3451 850 3588 {itii
859 3458 990 3589 iiiiii
1006 3452 1314 3589 {iustitium}

212 3596 264 3649 quc
289 3581 453 3662 fundamento
469 3602 555 3638 mmor
571 3586 714 3651 niteretur,
736 3588 887 3655 praesertim
911 3588 976 3641 male
992 3588 1156 3642 cohaerentis
1173 3588 1312 3641 nautius:

211 3653 335 3717 quomodo
352 3667 417 3703 enim
443 3652 529 3706 hostes
553 3653 621 3707 intre
637 3654 726 3707 urbem
750 3662 778 3708 ct
794 3656 821 3709 in
838 3656 929 3710 civium
945 3657 1053 3727 iugulis,
1078 3657 1111 3710 de
1127 3659 1222 3728 quibus
1237 3657 1313 3709 sudi-

211 3723 264 3770 tum
288 3717 396 3771 noudum
421 3729 492 3774 esset
513 3722 577 3775 toris
594 3723 799 3793 approximasse,
822 3725 1002 3780 circumsidere
1024 3742 1126 3791 muros,
1150 3726 1266 3780 turribus
1282 3743 1312 3778 ss

210 3785 373 3841 edmovissei
398 3789 522 3857 quomodo
547 3789 593 3860 qul
615 3791 691 3861 paulo
720 3801 781 3846 ants
803 3794 867 3846 dicti
891 3803 979 3847 essent
1002 3795 1111 3848 haerere
1135 3795 1161 3847 in
1186 3795 1314 3858 Perside,

208 3855 292 3908 subito
310 3854 358 3909 alis
379 3858 486 3926 sumptis
508 3858 618 3913 volucris
641 3860 768 3914 exercitus
790 3880 869 3932 supra
892 3872 994 3917 starent
1015 3864 1176 3918 imminentes
1198 3866 1313 3935 desuper

208 3925 368 3986 cervicibus.
390 3932 490 3980 tantum
512 3928 688 3995 intervallum,
712 3930 757 3984 ubi
780 3938 809 3984 et
824 3949 900 3986 arces
923 3938 951 3985 et
966 3934 1098 4004 praesidis
1114 3935 1230 3987 Romans
1245 3940 1312 3997 stat,

208 3993 323 4047 victoriis
347 4006 473 4049 momento
498 3998 636 4051 emensos‘l
660 4000 725 4052 baec
748 4003 777 4052 et
802 4001 842 4053 bis
864 4001 957 4055 similia
980 4001 1071 4056 merito
1087 4004 1246 4071 exprobrans
1263 4019 1312 4073 per

208 4061 341 4129 epistolam
358 4064 544 4119 Nicaeensibus
560 4066 700 4137 imperator
716 4067 742 4120 id
759 4071 856 4138 agebat
871 4078 902 4123 ut
917 4071 945 4125 in
961 4078 1091 4141 posterum
1108 4073 1241 4127 csuu‘orae
1254 4073 1315 4126 illos

207 4131 329 4187 redderet
344 4133 372 4187 in
388 4152 495 4189 occursu
514 4136 631 4191 similium
649 4152 761 4191 cescum
