3024 4844
331 317 389 383 DE
412 306 618 387 luculum
641 316 921 399 amotoco
945 318 982 384 L.
1003 318 1061 387 IV.
1167 320 1239 395 331

153 485 305 574 μυιύπων,
331 494 458 555 πλεῖστα
474 489 780 577 παρανερόαίνοντες·
806 492 855 557 aul
876 484 1019 574 τηνικάδε
1031 489 1062 556 oi
1074 485 1143 557 τότε
1161 488 1239 558 iilu-

153 599 206 672 ξαν
221 598 391 680 προφανῶς
410 592 446 658 τό
469 600 525 659 τοῦ
550 592 762 666 Ἀντισθένους
784 590 949 676 ἀληθινόν·
984 596 1061 681 φησί
1081 594 1142 680 γὰρ
1163 595 1240 661 laer*-

152 723 201 775 νος
223 694 318 763 πάντ’
342 693 485 779 εύχεσθαι
509 695 549 761 τὰ
567 695 648 761 καλὰ
670 706 735 773 τοῖς
755 696 879 779 ίχθροῒς
900 695 979 779 πλὴν
1003 695 1169 778 συνίσεαις,
1196 694 1240 774 uic

150 798 250 867 πάνθ’
274 795 325 864 οἷό
348 824 380 865 τε
402 798 487 882 παρὰ
500 792 622 873 τούτοις
637 798 780 881 γενέσθαι
785 845 797 878 ,
824 795 863 880 ἢν
877 793 997 863 σύνεσιν
1011 798 1114 882 ἔχοιεν.
1167 796 1241 883 ἐθή-

129 910 255 971 6λετσαν
268 903 302 968 tl
320 903 370 969 rol
385 901 422 967 τό
435 907 490 984 τῆς
502 901 664 979 εύβουλίας
674 906 782 986 χρῆμα
794 908 859 976 τοῖς
873 898 1045 975 ύντιξοούσι
1057 908 1107 967 καί
1119 908 1240 985 μᾶλλον

146 1003 318 1091 χρήσιμον·
340 999 482 1088 χιλιάδας
493 1002 553 1089 γὰρ
568 998 664 1079 τόσας
677 998 719 1079 ὦς
734 1004 784 1069 καί
797 1003 839 1078 είς
850 999 1005 1085 μυριάδας
1018 1011 1193 1071 ποσσῦοθαε
1203 1004 1237 1075 ‘e'u
1255 1015 1280 1071 Ι)

149 1105 367 1194 παρεστήσατο
382 1104 558 1189 βούλευμα,
585 1108 636 1171 καί
654 1105 684 1170 oi
695 1106 773 1189 χθὲς
785 1111 990 1180 πλουτοῦντες
1003 1108 1052 1169 καί
1068 1114 1243 1192 τρυφῶντες

43 1270 47 1279 .
151 1223 219 1287 τοῖς
237 1205 369 1292 πλήθεσι
394 1205 527 1295 σήμερον
549 1209 686 1274 ταπεινοί
699 1232 731 1273 τε
754 1208 804 1272 καί
820 1209 972 1291 πενιχροί,
999 1205 1244 1292 ἀνταγωνισαμέ-

151 1339 209 1397 νης
224 1320 279 1397 τῆς
293 1312 450 1396 ύβουλίας.
491 1309 627 1396 ἄρχοντα
640 1309 699 1393 γὰρ
712 1308 772 1395 χρὴ
786 1315 955 1396 πειρᾶσθαι
969 1312 1019 1375 καί
1035 1307 1247 1377 κινδυνεύοντα

111 1414 197 1495 toris
209 1416 229 1501 ἢ
243 1412 406 1501 ναιήσονται
422 1412 442 1497 ἢ
456 1412 586 1488 εύιιλεῶς
600 1408 797 1493 πεσούμενον.
849 1411 928 1476 κατὰ
950 1414 983 1477 τί
999 1410 1057 1498 γὰρ
1076 1414 1125 1477 καί
1144 1412 1245 1499 ἄρχοι,

152 1523 180 1586 εί
190 1515 237 1604 μή
251 1544 284 1605 γε
298 1523 496 1601 προμηθοῖτο
512 1521 576 1581 τῶν
591 1512 705 1592 ἄλλων,
733 1503 775 1578 ὧν
789 1510 891 1597 ι’ίρχειν
903 1509 1047 1597 ίτύχθηςΙ
1065 1519 1115 1581 καί
1131 1515 1247 1592 σκοπός

150 1624 208 1707 μὲν
228 1621 285 1688 oria
309 1613 499 1697 ἀνεύθυνος,
523 1618 550 1681 εί
567 1615 612 1698 μὴ
633 1616 771 1701 προείποι
792 1617 842 1681 καί
865 1615 1115 1702 πρσρυλύξηταε,
1142 1618 1246 1703 ι’ίρχιον

151 1725 187 1793 δ’
204 1720 381 1791 ἀνεύθυνον
401 1715 541 1798 πάντας,
563 1717 588 1783 εἷ
603 1716 646 1801 μὴ
662 1715 890 1803 προκινδυνεύοι
905 1708 948 1785 ὧν
969 1714 1087 1804 ἐτύχθη
1108 1718 1242 1804 σκοπόςς
1258 1738 1285 1792 lt

151 1827 323 1912 οὐμενοῦν,
350 1818 404 1887 ού·
430 1826 546 1887 πολλοῦ
557 1846 590 1906 γε
605 1822 656 1887 ναί
673 1823 728 1887 iai.

23 1928 24 2003 ]
109 1940 145 1996 15
264 1922 357 1993 Ούτειτ
376 1924 431 2006 μίν
459 1916 513 1989 σύν
533 1919 710 2009 παραλόγου
731 1928 787 2006 τῆς
811 1918 905 2006 τύχης
926 1917 1090 2007 συμβύσης
1109 1924 1161 1988 καί
1184 1928 1247 2003 auia,
1336 1934 1344 1942 ‘

151 2026 418 2108 ὑπολελειμμένων
434 2024 682 2111 κατεπτηχότων,
710 2024 815 2092 ύνεῖσα
838 2025 874 2091 τύ
897 2025 1008 2111 πτερόν
1024 2023 1045 2108 ἦ
1062 2022 1152 2113 φήμη
1173 2025 1248 2103 θεός

157 2123 240 2197 olco
250 2177 261 2209 ,
286 2124 328 2205 ὥς
350 2128 479 2214 λίγεταε,
506 2131 706 2215 περιαγηίλλει
725 2128 760 2196 τό
785 2129 928 2213 όυσχερίς
948 2130 1042 2195 ίεεῖνα
1059 2131 1110 2194 καί
1127 2129 1247 2215 ‹inpon-

158 2229 292 2315 όύνηταν
313 2230 500 2315 σύμβασμα,
525 2238 650 2308 πολλοῖς
669 2233 726 2313 μίν
744 2234 785 2308 είς
807 2228 926 2313 λύπην,
953 2230 1058 2308 ἄλλοις
1077 2233 1110 2297 il
1135 2234 1187 2297 καί
1207 2234 1250 2309 είς

155 2333 316 2419 ἔλιπληξιν,
352 2344 417 2413 τοῖς
437 2335 471 2402 δ’
496 2334 538 2413 εἷς
557 2332 749 2423 νατύηελων,
783 2332 836 2412 οὓς
858 2334 896 2419 riri
918 2345 1122 2423 καταφρονεῖν
1144 2334 1249 2403 ἔπειθε

204 2570 246 2619 teo
261 2564 425 2636 apponebant
440 2566 525 2631 luero,
541 2564 588 2619 tali
604 2576 723 2620 εατοεεεα
739 2565 928 2622 demonstrante
942 2566 1078 2623 manifecte
1093 2585 1170 2640 quarn
1186 2585 1249 2640 pru·

171 2652 218 2689 eoa
233 2644 322 2689 rotun
340 2634 418 2688 luerit
435 2635 592 2689 Δοεὶεθιεοίι
608 2636 691 2690 orunia
710 2636 826 2690 boniba·
846 2637 959 2708 optantio
973 2639 1040 2693 bona
1057 2646 1161 2709 praeter
1176 2656 1249 2693 roeo·

153 2714 222 2760 toruo
245 2721 303 2773 pauo
321 2703 362 2757 cui
379 2704 507 2757 concilium
525 2704 651 2768 deluerit,
676 2705 730 2759 eiua
746 2705 860 2762 theeeuri
876 2706 1006 2776 quantivis
1022 2708 1049 2760 in
1066 2709 1187 2777 praedoni
1204 2723 1250 2759 aa·

152 2773 275 2846 pientiori
289 2774 391 2827 cedent.
417 2791 448 2826 en
466 2773 543 2827 millia
559 2771 706 2827 bellatorum
722 2774 799 2828 totiee
815 2775 981 2845 multiplicate
999 2783 1029 2828 ut
1043 2775 1183 2842 myniadem
1200 2791 1252 2828 uon

153 2859 229 2897 unam
247 2842 405 2905 conflarent,
429 2841 467 2893 ita
483 2841 578 2896 evertit
593 2841 737 2912 afflixitque
754 2850 878 2897 momento
894 2843 1025 2897 concilium
1042 2842 1149 2894 hominio
1166 2842 1250 2909 nnius,

155 2920 187 2965 ut
203 2916 244 2965 tot
259 2910 296 2962 illi
314 2928 346 2963 ac
363 2908 429 2964 tanti
445 2927 477 2963 ex
494 2910 550 2963 beri
567 2912 694 2979 opulentia
716 2920 744 2965 et
766 2912 839 2981 copia
861 2929 945 2965 rorum
972 2927 1054 2978 unque
1071 2910 1104 2962 ad
1121 2910 1205 2961 luxum
1222 2914 1252 2963 et

156 2978 260 3032 deliciae
277 2977 508 3032 circumfluentibua
524 2979 600 3033 bodie
616 2979 735 3044 bumileo,
755 2987 875 3050 egenter,
891 2979 952 3048 vagi
968 2978 1065 3047 palmeo
1080 2976 1252 3045 porrigerent,

157 3065 206 3101 noo
223 3048 386 3100 mendicitate
403 3047 484 3115 nagia
500 3065 574 3117 quarn
591 3048 748 3118 professione
764 3048 897 3103 dedecoris
914 3046 1021 3118 proprii,
1038 3061 1102 3115 quoa
1118 3061 1166 3096 oua
1182 3043 1260 3113 ipro.

155 3132 210 3170 roro
224 3115 342 3170 cocordia
358 3115 520 3169 debelloaaet.
553 3116 668 3170 nimirum
685 3117 774 3171 ducein
791 3116 919 3170 exercituo
940 3116 1033 3167 sortom
1049 3112 1150 3183 quidem
1169 3119 1196 3165 et
1212 3111 1252 3166 vi·

158 3192 210 3239 tour
227 3202 328 3255 quoque
344 3202 376 3239 το
392 3186 538 3252 aanpuinon
555 3201 603 3253 pro
619 3185 701 3253 gloria
718 3185 843 3239 victoriae
866 3182 961 3253 paciaci
977 3191 1090 3246 eertum,
1112 3182 1157 3234 aed
1175 3199 1258 3249 prae.

157 3258 230 3307 terea
251 3253 354 3321 eigilem
377 3271 409 3306 ac
431 3253 511 3306 futuri
532 3254 664 3322 providum
687 3271 744 3306 eoae
766 3259 883 3322 oportet,
904 3267 1005 3320 aemper
1023 3267 1055 3303 ua
1077 3251 1130 3304 acri
1146 3251 1252 3306 aolertia

156 3321 298 3387 intentum,
320 3338 354 3375 ne
376 3321 435 3392 quia
459 3321 604 3392 inopinatae
620 3322 723 3390 ingruat
739 3336 822 3375 αεεοε.
855 3320 883 3372 iu
900 3319 966 3372 enirn
983 3269 1062 3373 officii
1079 3320 1159 3374 omnio
1175 3338 1250 3390 prae·

158 3389 276 3454 lectura,
304 3388 411 3445 maxinre
434 3398 519 3445 autem
539 3389 670 3449 militaria,
700 3391 820 3442 euatinot.
852 3387 885 3441 ad
908 3389 974 3452 boc,
1003 3389 1118 3460 inquom,
1141 3390 1207 3444 tulea
1225 3390 1252 3443 iu

160 3473 255 3509 εαιιιεοα
268 3458 431 3524 collocentur,
448 3465 479 3512 ut
494 3462 570 3528 longe
586 3456 752 3579 proapieiant.
786 3474 819 3511 an
837 3456 902 3510 euim
919 3456 1064 3527 speculator
1079 3459 1104 3512 in
1122 3461 1196 3528 culpe
1213 3464 1258 3512 ab

160 3523 206 3594 qui
223 3540 273 3577 non
288 3528 457 3595 praeviderit,
480 3545 530 3580 non
553 3528 643 3598 preein
661 3526 770 3580 icuverit
786 3526 922 3597 perniciem
945 3525 1100 3592 ingruentem
1118 3529 1189 3580 ctrina
1206 3527 1255 3579 ob-

159 3592 286 3647 oervaodo
309 3596 421 3664 appolrui
444 3597 597 3649 conutitutua
620 3595 647 3648 in
670 3595 772 3665 apecula
789 3594 883 3648 fuerit:
906 3593 957 3647 ‹lnx
974 3596 1109 3651 habebitur
1124 3598 1255 3660 innoceoo,

158 3660 206 3731 qui
222 3677 274 3715 non
292 3665 451 3730 praescierit,
467 3683 517 3719 nou
532 3665 694 3734 praecaverit
709 3664 829 3728 inridier,
850 3664 1012 3735 furtivorque
1028 3666 1138 3737 impetur
1153 3663 1259 3730 rapaci·

159 3737 216 3787 teta
253 3747 439 3802 reooooupano,
464 3742 564 3787 nature
586 3733 692 3787 obviana
709 3733 845 3799 averterit,
871 3732 939 3816 quod
956 3734 1115 3804 potiarimurn
1132 3740 1162 3785 ut
1176 3729 1260 3783 faciat

157 3798 185 3852 ln
210 3798 219 3851 i
265 3808 368 3853 erectna
391 3800 519 3872 larfigium
542 3802 603 3855 eati
625 3819 675 3855 non
696 3804 821 3872 prolecto.
855 3802 956 3857 minime
970 3802 999 3857 io
1014 3805 1134 3875 inquam,
1159 3816 1208 3853 uec
1224 3799 1258 3851 de

157 3868 206 3922 boc
222 3866 358 3991 Ἐιιίεοσεεο
374 3870 418 3940 qni
434 3869 519 3940 capiat
536 3869 702 3924 dubitaverit.

267 3945 366 3992 etenum
382 3944 413 3990 ut
427 3939 494 3992 bunc
509 3938 734 4007 inopinatiuimuai
750 3955 836 3991 meum
852 3945 972 4004 strenue,
987 3946 1018 3993 ut
1033 3940 1115 3999 uolet,
1131 3934 1157 3988 in
1173 3948 1260 3986 omnen

157 4005 211 4059 late
234 4014 326 4076 parter
349 4008 418 4061 lama
443 4007 581 4076 vulgavit..
594 4009 680 4061 verior
694 4008 721 4060 in
737 4007 816 4060 rariie
834 4024 926 4078 repeuo
943 4008 1045 4061 nuntiae
1063 4002 1185 4059 excitarit
1201 3999 1260 4053 ani·

158 4090 256 4128 norum
273 4080 366 4129 notua
401 4075 495 4129 multoe
510 4074 584 4144 provi
601 4075 690 4128 dolore
707 4074 812 4142 affecit3
836 4093 886 4129 nou
910 4092 1005 4146 paucoa
1022 4092 1103 4146 noque
1119 4071 1152 4124 ad
1169 4076 1261 4136 otupo-

158 4159 213 4196 reru
237 4143 363 4212 perculit,
386 4142 538 4225 quibuolaru
563 4143 647 4196 laetuo
667 4145 775 4210 accidit,
801 4151 829 4197 et
850 4145 927 4197 rirurn
944 4152 1032 4199 αοείτο
1049 4138 1157 4196 ludibrio
1173 4133 1261 4190 morit.

159 4210 271 4281 denique
289 4229 340 4265 non
357 4212 495 4266 doluerunt
510 4211 556 4281 qui
572 4229 605 4264 ex
621 4220 709 4280 uictu,
735 4229 786 4283 quo
803 4211 874 4282 priua
898 4212 1050 4263 tenebantur
1069 4209 1198 4287 Romapae

159 4280 276 4347 λεοίίεσ,
291 4279 319 4334 iu
336 4287 508 4352 contemptun
524 4280 677 4348 ιτεειεὶταιί,
698 4286 726 4336 et
743 4279 907 4351 praecipuum
923 4274 1054 4347 eopiamm
1070 4275 1169 4344 impetu
1184 4288 1213 4326 ro
1232 4290 1264 4328 ur
