3036 4840
277 330 353 406 660
575 323 809 443 OBSERVAT.
832 317 1067 393 Pacatum

278 506 310 560 et
328 497 433 559 lunare
452 490 550 555 uncti
576 490 653 572 regia
675 486 842 565 Ludorici,
869 505 909 548 ex
933 486 1042 569 quibua
1067 484 1250 568 compendio
1276 486 1382 548 refert

276 581 452 663 spondanus
465 598 544 638 anno
562 581 645 645 1270
660 596 744 636 num.
758 573 796 640 42
816 594 909 633 sacra
921 575 987 632 eiua
1007 594 1078 633 oren
1093 593 1186 632 carrae
1205 569 1378 631 denudata

273 668 384 727 lotione
402 660 625 741 mundicam,
649 662 763 737 parariis
782 660 886 719 sericis
908 679 976 717 cum
1002 656 1193 718 momutibua
1213 656 1377 733 incomta,

274 754 307 810 in
329 749 430 808 loculo
448 757 601 807 reservata
617 748 733 824 feriere,
756 740 918 819 defirenda
934 741 981 803 ad
997 744 1154 802 ecelesiam
1168 744 1200 802 S.
1217 743 1378 819 Dionysii

274 844 331 897 etc.
362 853 482 893 curnem
503 853 573 890 vero
589 840 618 889 et
636 831 781 889 intratina
799 850 820 888 a
842 826 951 888 Corolo
964 830 1029 887 eius
1036 831 1143 907 fratre
1158 849 1179 885 u
1191 837 1375 904 suonepoee

272 917 421 997 Pluuppo
433 937 501 996 rege
513 918 691 996 impetrata,
711 912 873 993 honorifice
885 916 920 972 ira
931 914 1071 972 Siciliam
1084 911 1207 988 delata,
1231 922 1261 968 et
1278 932 1373 990 repo-

273 1005 338 1062 eita
354 1004 389 1060 in
406 1002 531 1058 ecclesia
541 1001 654 1059 Montis
672 999 802 1077 Regalis
824 997 1002 1056 monasterii
1018 995 1137 1057 ordinis
1157 998 1189 1056 S.
1203 994 1373 1055 Benedicti

270 1107 367 1168 prope
381 1087 577 1144 Panormum.
617 1081 679 1143 huc
692 1082 816 1162 respicit
829 1082 940 1142 mentio
953 1103 970 1140 a
981 1092 1085 1141 uoetro
1097 1083 1176 1141 iacta
1190 1078 1367 1138 loculorum

272 1173 474 1252 pretiosorum
485 1169 518 1226 in
529 1167 638 1248 plurali
656 1186 793 1226 numero:
816 1164 875 1226 duo
899 1166 978 1226 enim
997 1168 1139 1244 fuerunt,
1169 1184 1303 1245 quorum
1315 1162 1365 1222 al-

274 1264 341 1316 tero
359 1255 388 1314 S.
405 1252 551 1312 Ludovici
562 1272 628 1311 oasa
641 1251 673 1310 in
688 1251 814 1313 Galliam
826 1258 944 1332 portata
956 1260 1042 1330 eunt,
1062 1251 1159 1311 altero
1172 1250 1319 1309 intestine
1331 1257 1363 1309 et

274 1358 378 1399 carnee
389 1338 421 1397 in
435 1336 566 1395 Siciliam
578 1332 729 1396 translata.

357 1421 464 1503 1).de
476 1441 504 1480 v.
520 1425 572 1487 22.
611 1419 692 1480 aarti
707 1426 861 1497 argentum
880 1416 982 1479 rivum
997 1409 1128 1501 ἄργυρον
1147 1408 1247 1499 dypde
1260 1410 1360 1497 xoris,

271 1504 404 1566 imitatus
417 1503 584 1564 Aristotelis
593 1500 770 1584 interpreter
783 1502 806 1564 l.
824 1507 840 1566 1
856 1503 893 1563 dc
908 1503 1031 1579 Anima,
1051 1504 1103 1581 qui
1116 1502 1160 1562 eic
1169 1502 1275 1561 Latine
1287 1501 1361 1561 red-

272 1589 350 1651 dunt
366 1586 496 1672 dpyupov
508 1580 605 1669 χυτόν.
647 1588 729 1668 quod
746 1595 777 1647 et
798 1579 891 1670 ὑγρόν
910 1596 992 1647 recte
1006 1607 1025 1646 a
1044 1596 1149 1647 nostro
1166 1587 1294 1647 dicitur:
1316 1594 1363 1646 eet

272 1673 352 1735 euim
373 1672 483 1733 humor
504 1672 650 1752 liquidae,
679 1684 707 1732 et
727 1673 830 1752 liquor
855 1683 1008 1747 mierum,
1032 1681 1069 1731 ut
1090 1670 1205 1732 Plinius
1223 1670 1362 1750 loquitur

270 1758 339 1823 Nat.
355 1757 683 1834 murtuensem,
700 1758 801 1836 guttis
819 1754 1037 1834 dividisuciia‘e
1052 1766 1081 1815 st
1097 1755 1216 1815 lubrico
1234 1755 1362 1816 buram

271 1845 433 1924 coafitetur.
473 1839 667 1921 hydrargyri,
686 1840 768 1920 quod
783 1841 906 1919 vulgare
919 1840 1009 1900 buiua
1020 1841 1065 1901 rei
1079 1861 1190 1901 nomen
1202 1840 1282 1918 acio,
1303 1862 1361 1900 vc-

271 1928 378 1988 cabulo
395 1926 524 1987 abstinui
537 1935 693 2006 propterea
706 1923 785 2003 quod
804 1945 872 1985 cum
891 1924 982 1985 liniue
998 1925 1124 2005 liquoris
1139 1925 1254 2006 duplex
1263 1945 1360 2004 genua
1476 1910 1477 1951 ¹

270 2013 312 2073 sit
332 2032 370 2072 ex
389 2011 486 2073 Plinio
507 2009 631 2086 ibidem,
659 2010 785 2070 alterum
804 2010 939 2070 naturale
957 2010 1084 2071 alterum
1104 2012 1275 2086 incutiam,
1295 2009 1360 2089 by·
1476 2052 1477 2057 η

270 2096 407 2175 drargyri
424 2093 583 2176 appellatio
603 2094 719 2176 potius,
746 2103 781 2153 nt
793 2093 873 2154 idem
884 2094 978 2155 tradit
990 2115 1016 2154 c.
1028 2096 1058 2171 8,
1071 2094 1189 2155 factitio
1202 2095 1356 2156 tribuitur.

269 2180 308 2242 de
320 2180 416 2261 priori
429 2200 502 2241 vero
512 2178 563 2239 hic
578 2198 663 2258 agere
677 2177 902 2258 Pacbymcrem,
922 2179 1065 2239 suadetur
1078 2200 1116 2238 ex
1131 2179 1239 2240 effectu
1252 2180 1357 2260 depri-

267 2265 370 2326 mendi
385 2264 580 2343 fundimur,
600 2283 687 2344 quem
699 2263 726 2322 ei
738 2263 844 2323 tribuit
858 2273 1052 2323 consentanee
1062 2262 1100 2323 iia
1115 2285 1187 2344 quaa
1197 2265 1234 2325 de
1247 2266 1354 2325 eodem

266 2347 362 2409 tradit
373 2347 486 2407 Plinius
499 2348 567 2408 loco
577 2348 636 2408 iam
648 2347 784 2427 laudato,
805 2366 832 2410 c.
847 2347 902 2413 61.
916 2352 972 2423 883
995 2348 1049 2408 ubi
1067 2349 1113 2408 eic
1125 2348 1284 2409 serabitur:
1306 2360 1352 2408 est

265 2442 295 2491 et
306 2432 390 2509 lapis
406 2435 440 2489 in
450 2431 501 2489 hie
513 2433 596 2492 onais
610 2430 769 2513 (argenti),
790 2434 881 2491 cuiue
895 2436 1013 2494 vomica
1026 2432 1155 2513 liquori}
1165 2435 1278 2491 artemi
1288 2455 1346 2490 ar-

262 2524 389 2598 gentum
404 2517 511 2574 vivum
525 2515 724 2595 appellatur,
750 2536 894 2576 uenenum
914 2539 1015 2577 rerum
1032 2520 1166 2578 omnium,
1206 2526 1286 2573 exeat
1302 2536 1343 2575 ae

260 2600 432 2682 perrumpit
448 2601 592 2658 universa
610 2620 769 2678 permeare
790 2602 858 2660 tube
872 2600 952 2665 dire.
998 2603 1042 2663 ita
1059 2603 1121 2678 issep
1146 2598 1223 2660 unde
1248 2600 1339 2660 facite

264 2692 367 2770 potest
381 2682 507 2762 intelligi
520 2703 576 2743 cur
587 2692 692 2764 aptum
704 2682 870 2747 iudicatum
884 2687 925 2747 sit
943 2687 1092 2748 exedendo
1106 2684 1339 2767 perrumpenda-

267 2791 327 2852 quc
339 2778 369 2830 et
380 2768 425 2829 eic
439 2767 528 2827 altius
543 2769 715 2829 excavando
728 2771 823 2831 tundo
839 2780 959 2852 portus,
981 2771 1018 2832 de
1034 2793 1093 2853 quo
1111 2769 1161 2831 hic
1173 2768 1340 2849 historicus.

266 2857 319 2935 qui
333 2854 456 2935 gratiam
465 2852 579 2914 iniisset
592 2875 609 2913 a
622 2852 792 2932 lectoribus,
813 2855 840 2916 ei
853 2855 1022 2917 distinctiue
1035 2858 1157 2918 modum
1170 2865 1344 2934 auamaaet,

266 2960 329 3020 quo
351 2938 425 3000 baec
441 2937 591 3020 depressio
612 2938 699 2998 fundi
716 2949 821 3019 portus
841 2959 897 3020 per
918 2949 1071 3019 argentum
1085 2941 1187 3004 virum
1201 2942 1276 3003 lacta
1289 2950 1347 3004 eet.

266 3023 406 3084 credibile
429 3024 543 3104 quippe
561 3030 607 3081 eat
629 3023 807 3101 peculiarem
831 3025 979 3104 quandam
998 3026 1036 3085 ad
1055 3024 1087 3085 id
1099 3037 1193 3088 artem
1207 3037 1238 3088 et
1251 3036 1350 3086 cartas

263 3110 342 3169 forta
356 3107 505 3169 machinas
518 3105 681 3180 adhibitae,
703 3127 779 3188 quae
801 3108 921 3190 ignotae
942 3107 1032 3171 bodie
1049 3109 1126 3191 aiut,
1146 3112 1352 3174 usnifuturae

262 3191 463 3258 siecirentur.

345 3295 375 3357 p.
384 3282 447 3344 868
459 3296 488 3336 v.
496 3280 525 3344 6.
565 3274 745 3338 oraminis
756 3287 792 3337 ut
804 3298 864 3338 nora
868 3276 1060 3360 plaoebnt-
1059 3276 1202 3361 principi.
1222 3276 1299 3338 baec
1315 3288 1352 3343 et

264 3378 340 3440 quae
361 3380 432 3420 mox
452 3358 572 3422 subiicit
595 3361 751 3441 superbam
779 3359 914 3441 ignavam
936 3373 1141 3425 contumacem
1162 3366 1353 3428 Graecorum

263 3444 428 3503 antistitum
447 3446 480 3503 in
499 3444 664 3505 schismate
676 3443 868 3527 pertinaciam
887 3448 1040 3508 decimant
1050 3466 1060 3525 ς
1088 3468 1164 3528 quoe
1185 3459 1215 3510 et
1228 3472 1258 3512 sa
1274 3471 1355 3513 cum

260 3526 321 3588 illle
334 3527 417 3610 paria
429 3528 557 3589 sentiens
568 3526 618 3593 bic
632 3528 791 3592 historicus
807 3531 947 3609 traducit,
968 3532 1039 3593 dum
1052 3531 1200 3597 obnoxios
1213 3535 1355 3617 principi

261 3612 318 3677 vili
336 3612 550 3690 mentatione,
574 3623 679 3675 contra
699 3626 829 3677 meatem
849 3628 880 3678 et
894 3637 1014 3678 aeneum
1037 3616 1198 3699 intimum,
1227 3620 1355 3699 signib-

155 3716 179 3772 p
194 3715 245 3774 463
261 3718 345 3761 caree
357 3698 400 3758 eit
410 3696 466 3757 eibi
478 3696 529 3759 vel
542 3698 669 3761 maxime
686 3700 805 3782 placere
817 3701 850 3761 id
865 3702 963 3782 iprum
978 3723 995 3761 a
1017 3722 1078 3783 quo
1096 3700 1281 3785 impotenter
1294 3706 1357 3766 ab-

260 3782 442 3861 horrebant3
462 3781 544 3862 qnod
562 3781 691 3845 immane
707 3795 852 3867 quantum
873 3784 910 3845 ab
928 3788 1097 3868 evangelica
1112 3786 1287 3851 sinceritate
1311 3811 1356 3852 ac

259 3867 456 3950 generositate
463 3866 591 3927 alienam
602 3876 658 3932 eat.

342 3972 375 4017 v.
394 3956 444 4022 10.
483 3955 519 4013 irs
529 3952 620 4013 asrael
633 3949 724 4014 aditu
734 3955 923 4036 porreeeiorae
939 3956 1132 4017 auderitutia
1142 3953 1359 4039 tndepmdm·

259 4038 303 4097 tia
314 4044 372 4099 etc.
412 4056 468 4120 per
481 4037 590 4117 gradus
606 4038 647 4098 ad
659 4037 747 4100 istam
760 4040 983 4122 usurpationem
997 4042 1184 4104 auctoritatis
1194 4042 1359 4125 indepen-

259 4121 359 4182 deutia
371 4122 478 4182 Graeci
489 4120 809 4204 Constantinopolitani
822 4136 1041 4207 processerunt.
1068 4126 1200 4209 primum
1212 4130 1358 4212 pertaesi

255 4201 439 4279 Byrantinae
454 4204 645 4284 humilitatis,
674 4227 733 4286 qua
757 4209 830 4271 olim
847 4210 881 4270 in
899 4211 1088 4274 ecclesiarum
1109 4212 1216 4274 ordine
1235 4212 1356 4277 iuliano

253 4284 475 4363 metropolitam
488 4285 647 4357 Heracleae
660 4288 804 4354 Thraciae
816 4295 999 4379 superiorem
1011 4305 1205 4381 agnoverant,
1225 4302 1258 4358 ut
1269 4295 1356 4380 ipse
