3036 4840
266 320 341 393 666
558 313 792 384 osssnuvnt.
816 312 1052 381 Pncnrnfflu.

262 498 324 548 tren
343 504 411 547 eom
435 482 575 554 dimidio,
596 479 789 541 [innoeentine
804 478 974 559 unatnor
989 478 1160 555 meotribue,
1188 479 1376 543 Hadrianeia

261 574 289 629 V
303 573 485 649 aequimeaee
499 589 560 626 non
571 576 651 641 toto,
673 567 797 655 loannep
811 566 884 624 XXI
899 585 1006 624 novem
1027 566 1193 644 meneibue,
1217 567 1373 628 Nicolaua

259 658 302 718 ΙΙΙ
316 678 377 715 non
389 656 460 715 totie
479 654 578 712 tribue
593 651 688 713 annie.
731 650 785 710 aed
802 659 833 709 et
849 650 880 708 in
895 649 952 709 boc
966 659 1029 709 erat
1038 650 1154 729 aliquid
1174 671 1242 730 que
1258 654 1372 712 Graeci

258 761 414 819 agnoscere
427 748 548 820 poeeent
561 738 712 795 meliorem
728 734 868 795 eecleaiae
881 735 1084 795 conditionem
1098 755 1135 794 ac
1146 747 1268 796 etatum
1285 739 1372 817 apud

256 828 375 886 Latinoa
389 846 482 904 ,quam
507 823 588 902 apud
607 822 697 901 ipeoe.
741 820 848 880 etenim
867 839 936 879 euna
957 840 1019 879 non
1039 820 1137 879 minue
1152 824 1220 881 fere
1241 823 1370 883 αὐτη

255 910 497 993 patriarcharum
512 908 693 966 mutationes
707 905 967 985 Constantinopoli
985 906 1172 983 eontingeret
1184 906 1258 967 fieri
1272 928 1368 987 quan

255 1017 403 1078 peperunt
418 996 544 1065 Rornae,
566 992 726 1052 dieorimen
748 1001 812 1050 erat
829 999 942 1065 tamen,
965 989 1048 1070 qnod
1062 1010 1160 1071 papae
1178 992 1298 1051 mertia
1311 1013 1365 1052 ne-

258 1082 397 1140 eeaaitate
416 1079 629 1151 mutabantur,
658 1075 845 1157 patriarchae
873 1075 1204 1154 constantinopolitani
1233 1076 1362 1137 arbiuio

256 1165 447 1245 imperatorie
465 1165 678 1223 amovebantur
696 1171 726 1222 et
738 1160 983 1239 eubrogabantur.
1022 1162 1125 1238 itaque
1139 1162 1251 1240 poncia
1268 1159 1360 1221 laniae

256 1252 447 1332 principetue
462 1249 546 1308 annia
562 1248 704 1307 Areeniua
718 1246 833 1327 primo,
860 1246 931 1305 dein
946 1241 1149 1326 Nicephorue,
1170 1256 1242 1306 tum
1259 1246 1358 1306 denno

257 1337 417 1409 Aroeniue,
440 1353 511 1393 mox
531 1332 590 1392 hoe
610 1333 741 1410 relegato
762 1332 943 1405 Germanae,
971 1328 1030 1389 hoe
1050 1331 1172 1390 detruao
1197 1331 1357 1411 Ioeephm,

256 1430 325 1502 poet
345 1421 435 1479 iatum
455 1418 624 1495 depoaitum
634 1417 755 1477 Veooue
768 1418 891 1476 fuerunt
910 1413 1108 1496 patriarchae.
1151 1424 1188 1473 ut
1212 1418 1281 1476 sere
1296 1436 1356 1476 nen

257 1508 356 1565 minna
371 1503 508 1564 Michaeli
526 1503 698 1579 Palneulogo
712 1500 887 1575 conveniat,
909 1501 992 1580 qnod
1005 1498 1203 1580 Ephraemiua
1219 1500 1257 1560 in
1272 1511 1358 1560 cata·

195 1610 198 1614 ·
257 1591 328 1664 logo
357 1588 594 1670 patriarcharum
622 1577 982 1668 Genetantiriopolitarum
1008 1587 1047 1646 de
1084 1585 1199 1646 Ieaacio
1238 1586 1359 1666 angen

258 1675 319 1734 aeri
357 1677 399 1739 it:

321 1696 356 1756 p·
465 1758 624 1836 ἐκκλησίας
643 1756 735 1839 ἔθιμα
753 1761 943 1841 καινουργῶν
963 1752 1082 1840 φόρων,

461 1842 500 1909 ὃν
521 1842 576 1925 μὲν
595 1841 741 1918 καθιστοῖς
759 1848 949 1947 uorpwppu'a
968 1844 999 1917 ta
1017 1835 1148 1925 θρόνον,

463 1927 501 1993 ὃν
522 1924 554 1993 d'
574 1923 687 2012 ἐξάγων
706 1922 764 2007 ed,
784 1929 836 1991 erui
856 1954 936 2016 pouq
957 1926 1135 2011 uenerabere.

342 2037 373 2096 p.
386 2019 449 2082 872
461 2035 491 2075 v.
503 2020 533 2079 7.
575 2024 742 2073 atemeoeae
760 2012 931 2073 additionis
949 2013 996 2072 ad
1006 2011 1183 2091 aymbotrme
1227 2028 1354 2089 magno.

256 2120 371 2182 pereae
385 2109 535 2161 oeteotant
548 2099 581 2157 in
594 2099 650 2158 hae
667 2099 774 2178 paeeirn
785 2098 910 2160 hiatoria
921 2096 1101 2159 aehiematiei
1115 2093 1225 2155 Graeci
1237 2116 1279 2156 ex
1290 2096 1352 2155 troo

254 2186 342 2259 loco,
363 2185 465 2266 quani,
486 2184 633 2265 quidquid
653 2185 691 2244 de
711 2186 849 2263 dogmate
874 2183 1074 2264 proeeeeionie
1090 2180 1225 2261 spiritua
1246 2181 1353 2240 Sancti

253 2290 292 2329 ex
309 2281 392 2350 patre
410 2270 523 2352 pariter
541 2291 577 2328 ao
594 2269 658 2329 filio
677 2279 844 2347 statuatur,
872 2270 974 2347 sugere
993 2266 1090 2327 Latini
1105 2276 1260 2344 nequeant
1274 2266 1351 2345 quin

252 2356 356 2413 eaitem
369 2356 544 2415 temeritati·
562 2355 737 2415 manifeatae
753 2364 925 2430 teneantur,
948 2353 1030 2432 qnod
1043 2350 1181 2431 eymbolo
1194 2350 1348 2410 conum-

251 2438 706 2519 tinopolitanoroeenefile'oque
727 2460 790 2499 non
812 2439 1016 2500 dubitaverint
1039 2435 1210 2514 adiungere.
1252 2454 1343 2514 quara

250 2520 449 2582 meeeaarium
461 2522 601 2583 exietimb
616 2523 831 2602 demonatrare,
852 2524 932 2603 quod
947 2524 1026 2583 clera
1045 2541 1093 2581 me
1109 2523 1259 2585 factm
1275 2537 1337 2598 Ψ-

250 2627 307 2681 ro,
334 2605 447 2666 nullam
464 2607 497 2665 in
515 2606 575 2666 hoe
597 2609 793 2670 temeritatem
815 2609 915 2670 fniaae.
956 2609 1006 2683 id,
1027 2606 1060 2666 ni
1078 2606 1183 2681 fallor,
1201 2621 1335 2680 ⁸⁵qu

252 2691 367 2753 duobne
378 2690 522 2772 capitibue
536 2692 720 2767 tractandia,
739 2712 870 2773 quorum
885 2693 969 2774 priua
989 2692 1152 2751 historiam
1164 2688 1331 2764 atfmm,

252 2778 380 2838 aiterum
394 2779 556 2855 iuesooti,
574 2776 705 2837 rationee
721 2776 838 2839 aeilieet
863 2779 904 2838 ob
915 2799 988 2857 quaa
1000 2775 1098 2836 Latini
1112 2777 1145 2836 id
1157 2775 1224 2832 eina
1235 2770 1332 2829 ullam

252 2862 362 2925 iuatam
385 2861 643 2946 repreheneionem
668 2881 755 2943 egere
783 2870 966 2945 potuemnt,
999 2861 1134 2923 dilucida
1154 2878 1186 2918 ae
1202 2856 1334 2918 baruae
1465 2874 1466 2889 ¹

253 2958 394 3028 exponet.

340 3034 476 3096 Historia
484 3033 547 3094 eiua
559 3033 719 3094 additionia
731 3034 778 3095 eie
790 3053 823 3095 ee
831 3032 930 3094 habet
950 3052 1021 3094 euna
1034 3032 1146 3094 exortia
1157 3036 1225 3110 poet
1230 3025 1346 3087 Ariana

148 3119 172 3175 Ρ
187 3121 239 3179 467
254 3127 390 3199 tempora
401 3121 489 3180 novin
502 3120 671 3180 haereeibue
685 3120 828 3180 Eunomii
838 3118 1003 3181 macedonii
1015 3130 1046 3178 et
1063 3118 1184 3177 eliorum
1199 3116 1229 3170 ἃ
1241 3113 1347 3191 Spiri-

252 3213 302 3263 toa
321 3204 509 3266 divinitatem
527 3206 776 3286 oppugnantium,
797 3204 882 3284 quaai
900 3224 938 3263 ex
958 3224 1010 3280 eo,
1032 3201 1112 3283 quod
1127 3199 1163 3258 de
1180 3196 1245 3254 filio
1269 3197 1345 3256 aulo

254 3287 363 3348 dieerte
375 3290 480 3351 suieeet
494 3291 528 3350 in
540 3311 645 3370 magna
658 3291 774 3370 eynodo
787 3291 916 3350 Nicaena
929 3287 1084 3349 definitum
1099 3281 1343 3346 comebatantia-

251 3373 313 3432 lem
328 3392 398 3432 eam
409 3374 490 3454 petri
503 3395 582 3453 eoae,
603 3376 641 3436 de
654 3376 769 3456 Spiritu
781 3376 891 3434 Sancto
903 3382 1092 3454 aequaretur,
1114 3368 1230 3432 minime
1244 3365 1344 3427 illum

252 3467 365 3537 epatre
379 3458 559 3539 proaedere,
578 3460 761 3521 celebratum
776 3469 823 3521 eat
837 3457 1097 3538 Couetantinopoli
1112 3452 1272 3515 concilium
1287 3471 1348 3530 ge·

249 3543 351 3602 nerale
360 3544 534 3620 eeoundum,
555 3544 704 3606 indictum
717 3567 735 3605 a
750 3545 873 3604 Damaeo
888 3564 977 3625 papa,
997 3550 1197 3604 convocatum
1213 3534 1351 3599 autea.

251 3627 336 3689 doeio
355 3629 471 3688 seniore
492 3628 641 3708 Augusto,
669 3630 704 3697 iri
725 3629 810 3710 qnod
827 3638 1032 3690 convenerunt
1051 3635 1173 3687 eentum
1192 3621 1350 3702 quinqua·

250 3713 333 3790 ginta
345 3713 477 3796 epiecopi
490 3733 568 3774 anno
582 3714 693 3779 Chrieti
705 3720 777 3784 381·
795 3714 839 3775 ibi
849 3713 990 3775 damnata
999 3706 1350 3777 Pnenmatoaaaehornm

249 3797 442 3880 blaephemia,
453 3798 552 3867 vienna
568 3809 613 3861 eat
623 3801 759 3880 patribua
771 3801 984 3881 apponendum
990 3796 1243 3880 aliquidNicaeoo
1253 3813 1351 3873 eym-

249 3881 336 3959 bolo,
358 3887 438 3964 quod
454 3886 541 3944 iatam
554 3885 692 3966 deincepe
703 3885 847 3945 heereeim
858 3886 1026 3966 perimeret.
1055 3882 1129 3943 haee
1140 3881 1234 3959 igitur
1245 3883 1351 3941 verba

249 3968 278 4026 ei
292 3970 432 4030 adiuncta
444 3979 517 4031 tone
528 3979 612 4032 eunt:
640 3982 670 4030 et
681 3974 714 4029 in
726 3973 878 4051 Spe'ra‘tune
888 3974 1035 4032 Swdnm
1046 3966 1206 4027 dominum
1218 3976 1246 4021 et
1258 3970 1351 4024 νίνὶ.

239 4052 403 4137 fioantem,
425 4058 479 4137 qui
492 4076 526 4115 ea
533 4067 624 4136 patre
630 4054 783 4137 procedet,
806 4059 862 4136 qui
870 4076 940 4116 eum
948 4067 1040 4135 patre
1050 4053 1156 4132 ἀμία
1169 4052 1270 4109 amul
1281 4050 1351 4113 ad-

247 4149 357 4217 oratur
378 4151 407 4197 et
425 4140 686 4220 conglorificemur,
707 4144 764 4221 qui
783 4141 905 4201 boam
919 4152 965 4199 eet
978 4162 1036 4220 per
1048 4137 1223 4220 propium.
1267 4138 1351 4198 eatia

243 4214 303 4275 troo
321 4222 420 4280 vieum
441 4226 480 4282 ad
490 4235 684 4302 ‘preeuntem
701 4245 799 4287 urum.
842 4227 897 4287 eed
911 4246 979 4285 cum
997 4225 1128 4285 ineanire
1141 4221 1350 4283 nihilominue

241 4295 419 4362 Eunomiani
438 4315 612 4384 pergerent,
632 4308 717 4389 aequi
728 4328 769 4370 ex
780 4318 894 4372 etatuto
906 4311 1043 4390 dogmate
1054 4309 1150 4369 filium
1159 4307 1217 4366 filii
1234 4308 1348 4387 Spiri-
