3036 4840
411 410 415 419 ,
502 328 637 398 unu
673 329 824 398 vorm.
1127 329 1202 405 etv

24 546 27 557 ,
115 507 180 559 turn
199 499 341 561 Sanctum
360 515 423 558 asse
444 494 637 573 cavillantem
659 493 739 574 quod
756 502 853 555 autem
873 493 946 555 sotis
965 504 1115 557 constaret
1130 498 1208 557 uni-

117 604 181 643 cum
197 603 261 643 ease
280 582 560 644 consubstantialem
575 581 654 661 patri
669 580 784 657 filium,
807 579 955 660 Spiritum
969 582 1128 656 Sanctum,
1151 582 1207 663 qui

114 667 168 727 iiiii
189 667 272 727 iilius
295 678 386 745 osset,
410 688 428 726 a
446 666 614 728 divinitatis
631 664 861 745 participatione
880 666 1096 726 removendum
1119 667 1208 727 etad

24 742 26 773 r
115 763 317 813 creaturarum
334 753 458 812 classem
473 749 707 810 submovendum
724 748 843 808 omnino
863 768 940 809 esse:
962 751 1082 829 quidam
1102 752 1207 812 otiati

114 837 361 919 argumentationi
385 843 593 908 occurrerent,
622 852 729 910 negare
754 844 919 913 coeperunt
938 836 1082 914 Spiritum
1105 857 1122 895 a
1143 836 1207 897 filio

24 916 26 933 '
112 923 292 1005 procedere,
313 922 374 996 sic,
394 929 430 980 ut
449 919 523 1001 ipais
542 918 718 993 videbatur,
741 917 930 997 plausibilius
952 918 1093 979 reiecturi
1107 922 1210 982 Euno-

111 1008 247 1068 miauum
268 1004 438 1087 sophiama,
458 1004 616 1065 recitatum
632 1022 649 1061 a
663 1005 694 1063 S.
705 1003 815 1062 Basilio
829 1002 863 1060 in
879 1021 970 1082 opere
986 1015 1089 1065 contra
1102 1007 1210 1071 Euam·
1252 1076 1256 1081 v

24 1090 25 1123 ³
112 1093 209 1151 mium
222 1089 399 1152 hisverbis:
422 1083 497 1151 ditat
511 1086 618 1172 λέγεις·
641 1086 668 1151 εἰ
681 1089 760 1152 θεοῦ
778 1083 940 1169 piuelxoiv
960 1084 980 1150 ὁ
997 1084 1066 1161 υἱός
1083 1090 1156 1152 cieri
1174 1089 1209 1154 di

24 1190 26 1209 ¹
114 1170 150 1239 cd
162 1179 294 1255 πνεῦμα,
307 1173 361 1237 eol
373 1173 402 1239 al
412 1177 491 1239 θεοῦ
502 1170 558 1280 pla
570 1165 657 1255 λὸγος
670 1166 777 1249 tutte,
791 1173 877 1253 ῥῆμα
892 1168 926 1235 di
940 1171 1013 1234 υἱοῦ
1029 1168 1064 1234 τό
1077 1177 1208 1274 maipa,

116 1256 169 1339 dael
191 1259 221 1322 al
243 1253 283 1338 μὴ
301 1255 367 1335 υἱός
386 1258 458 1322 olori
478 1281 512 1323 ao
534 1261 654 1339 πνεῦμα
676 1257 789 1339 εἴρηται
795 1283 806 1335 ,·
826 1251 925 1342 τούτῳ
944 1250 1003 1339 yolo
1025 1257 1208 1342 ι’σχυροτατφ
1304 1298 1305 1301 =

117 1340 195 1429 node
211 1335 351 1423 uiridem
366 1336 489 1424 ἐχρήσω.
529 1337 553 1423 ἢ
568 1339 628 1449 poio
644 1338 714 1406 etde
727 1337 751 1423 ἢ
762 1343 868 1422 κτίσμα
883 1335 1017 1416 κελεύεις
1031 1342 1133 1420 vestet,
1154 1342 1209 1407 sol

24 1504 25 1509 η
118 1421 300 1509 ὅτιμῆυῖός
315 1422 376 1491 oiseii
419 1446 502 1505 otoo,
526 1428 577 1492 deo
592 1430 679 1492 τοῦτο
692 1429 800 1508 κτίσμα
817 1421 895 1489 εἶναι
912 1428 1108 1509 βλασφημιῖς.
1149 1446 1209 1488 va-

117 1533 194 1575 rum,
211 1511 352 1572 adversus
377 1452 456 1572 liduc
478 1512 729 1594 imperitissimam
750 1511 974 1592 responsionem
994 1512 1205 1591 reclamarunt,

24 1610 25 1643 1
118 1594 289 1678 praesertim
302 1597 334 1657 in
349 1596 527 1675 Occidente,
548 1595 711 1669 Catholici,
731 1606 893 1677 utrumque
905 1596 992 1656 iuxta
1004 1596 1208 1658 orthodoxum

120 1699 263 1742 moenem
282 1700 320 1742 ex
340 1701 434 1762 aequo
457 1681 659 1762 profitendum
680 1681 879 1757 affirmantes,
900 1689 931 1741 et
949 1682 1110 1762 procedere
1127 1685 1208 1742 San-

120 1775 202 1827 ctum
216 1765 361 1846 Spiritum
376 1787 414 1828 ex
427 1776 512 1849 patra
527 1766 619 1828 eimul
633 1776 663 1826 ct
679 1764 763 1842 filio,
787 1777 817 1827 et
834 1776 933 1827 tamen
953 1785 1021 1825 cum
1039 1786 1095 1826 nec
1113 1767 1209 1848 patris

119 1870 177 1912 uec
194 1848 251 1909 filii
271 1849 367 1913 filium
388 1872 460 1914 ease.
502 1873 538 1913 ac
560 1851 816 1933 perseverantibus
839 1850 960 1911 Graecis
980 1850 1158 1931 quibusdam
1174 1852 1210 1911 in

120 1933 256 2014 negando
275 1937 418 1998 Sanctum
439 1935 583 2020 Spiritum
607 1957 625 1995 a
644 1934 710 1997 filio
729 1936 909 2018 procedere,
931 1944 960 1997 et
978 1935 1076 1997 insui
1099 1936 1210 1997 erroris

122 2019 377 2083 confirmationem
390 2023 559 2104 cymbalum
575 2021 938 2103 Cenaumiuopolitanum
951 2020 1152 2101 rapientibus,
1176 2022 1212 2082 iu

123 2125 184 2187 quo
200 2104 299 2167 solum
309 2107 456 2169 diceretur
468 2107 614 2189 Spiritum
624 2126 660 2167 ex
672 2116 757 2187 patre
769 2106 941 2187 procedere,
960 2102 1091 2184 theologi
1103 2127 1214 2188 pasum

122 2188 301 2270 orthodoxi,
321 2192 494 2273 praesertim
508 2193 618 2252 Romae
627 2211 662 2252 ac
675 2211 729 2272 per
739 2190 909 2274 provincias
923 2190 1021 2251 Latini
1033 2192 1120 2265 ritui,
1139 2211 1215 2252 con-

122 2276 307 2339 testabantur
333 2276 375 2337 ita
396 2276 458 2339 dici
477 2276 511 2336 iu
531 2275 859 2359 Constantinopolitano
879 2275 1016 2356 aymbolo
1036 2276 1181 2357 Spiritum
1195 2297 1215 2335 a

122 2368 209 2440 patra
227 2361 406 2442 procedere,
426 2369 544 2422 utnon
563 2361 741 2423 excludatur
760 2362 944 2423 consortium
962 2360 1035 2437 filii,
1058 2362 1106 2422 cui
1127 2371 1213 2442 pater

123 2444 223 2505 omnia
235 2467 289 2506 sua
303 2446 503 2507 communicet
514 2456 632 2527 praeter
646 2467 708 2508 esse
719 2457 834 2528 patrem
841 2496 851 2525 ,
871 2466 907 2506 ac
920 2456 1135 2525 consequenter
1148 2445 1216 2525 spi·

122 2528 268 2590 rationem
282 2551 401 2611 quoque
415 2531 542 2592 activam
558 2532 703 2610 conserat,
717 2552 776 2613 qua
785 2533 839 2593 ille
853 2530 905 2592 fiat
917 2550 1018 2591 aecum
1031 2551 1125 2592 uuum
1141 2530 1213 2611 Spi-

122 2613 198 2676 ritus
213 2616 313 2675 Saucti
329 2616 529 2697 principium,
551 2635 644 2693 quare
657 2637 726 2677 cum
740 2619 867 2679 Sanctus
881 2617 1036 2697 spirituas
1050 2626 1136 2698 patre
1149 2635 1213 2675 uon

124 2700 401 2780 quomodocumque
412 2701 466 2764 ssd
478 2720 533 2781 per
546 2700 660 2777 filium,
681 2710 717 2761 ut
731 2711 830 2782 patres
847 2703 967 2782 quidam
984 2702 1090 2762 Graeci
1104 2702 1215 2779 loque·

123 2793 246 2860 rentur,
267 2784 425 2865 procedat.
445 2805 518 2848 vere
540 2794 572 2847 et
592 2786 632 2847 ad
650 2794 802 2847 auctorem
822 2806 942 2847 aeneum
963 2786 1108 2866 explicari
1129 2786 1214 2844 Cou-

123 2869 425 2950 atantinopolitauum
442 2869 630 2952 symbolum,
651 2891 712 2951 quo
731 2871 800 2945 loco
821 2871 865 2930 ait
882 2868 1026 2950 Spiritum
1039 2872 1179 2928 Sanctum
1192 2887 1212 2927 a

124 2963 210 3034 patre
230 2955 408 3035 procedere,
430 2956 618 3035 adiungendo
636 2976 703 3017 eum
720 2975 738 3014 a
753 2955 817 3015 lilio
836 2972 953 3035 quoque
972 2951 1107 3031 produci.
1148 2951 1213 3011 fer-

124 3037 264 3098 ventibus
283 3036 364 3100 bisce
384 3038 584 3122 dissidiis'per
598 3039 682 3100 bunc
694 3038 833 3115 modum,
854 3038 924 3098 addi
937 3034 1035 3113 coepit
1044 3032 1180 3113 symbolo
1192 3055 1212 3095 a
1298 3070 1302 3077 ·

125 3120 239 3181 latinis
258 3124 381 3185 verbum
392 3126 540 3205 filioque,
560 3143 635 3184 voca
653 3132 769 3183 tautum
787 3131 889 3199 unus,
910 3121 944 3180 iu
964 3118 1213 3198 disputatiombua

127 3204 166 3266 de
186 3205 244 3266 isto
264 3204 407 3287 dogmate
449 3227 544 3287 eoque
563 3207 712 3286 pertinere
729 3206 871 3282 arbitror,
893 3203 973 3285 quod
986 3201 1126 3283 losepbus
1142 3203 1214 3284 epi-

126 3308 238 3370 scopua
260 3290 461 3353 bletbonenais
477 3292 510 3351 iu
529 3289 607 3352 libro
627 3298 732 3350 contra
751 3290 884 3350 Marcum
901 3286 1063 3368 Ephesium
1077 3297 1212 3367 testatur,

128 3384 279 3437 auctorem
295 3376 422 3436 laudona
436 3373 601 3436 Ametinum
613 3373 807 3447 historicum,
826 3393 898 3434 mox
912 3393 929 3432 a
943 3373 1071 3434 secunda
1082 3374 1214 3453 generali

128 3459 263 3538 synodo,
282 3458 341 3519 iam
360 3469 425 3519 tum
448 3468 582 3540 tempora
602 3459 719 3519 Damasi
738 3478 850 3540 papas,
881 3458 1113 3519 additamentum
1129 3459 1214 3521 vocis

120 3543 253 3624 filioque
273 3563 334 3601 non
354 3545 444 3605 modo
462 3567 478 3605 a
492 3544 603 3605 Latinio
615 3547 727 3606 sactum
739 3546 792 3604 aed
807 3564 825 3602 a
839 3543 960 3603 Graecia
974 3563 1093 3624 quoque
1106 3542 1214 3605 ortho-

24 3682 26 3699 ,
130 3627 218 3687 doxis
244 3627 336 3689 luisse
360 3630 601 3713 comprobatum,
629 3628 742 3711 quippe
762 3628 891 3689 conscii·
910 3648 974 3689 eam
995 3648 1096 3690 varam
1121 3627 1213 3688 luisse

130 3711 525 3793 Conrtautiuopolitanorum
538 3724 656 3797 patrum
668 3713 796 3795 symboli
809 3723 967 3776 auctorum
979 3713 1163 3775 tentantium.

214 3796 271 3856 Res
281 3796 312 3857 in
328 3819 363 3860 eo
376 3810 458 3862 statu
470 3801 610 3863 monuisse
621 3800 741 3861 videtur
752 3819 808 3882 par
818 3820 912 3859 annos
923 3800 985 3860 scre
996 3800 1058 3864 400
1069 3815 1163 3875 usqsst
1174 3794 1215 3855 “l

130 3889 265 3961 tempora
286 3886 433 3946 secundae
453 3886 598 3947 Nicaeuae
615 3884 739 3966 synodi,
761 3904 836 3966 quaa
849 3884 909 3946 suit
920 3882 1064 3964 generalis
1076 3879 1213 3961 seprius,

132 3986 211 4025 anuo
225 3965 336 4028 Christi
348 3974 411 4036 787
423 3969 578 4031 celebrata.
603 3980 678 4031 tuuc
692 3970 770 4030 enim
783 3969 914 4051 primum
928 3989 967 4031 ex
978 3966 1076 4027 verbio
1088 3963 1120 4025 in
1135 3963 1216 4024 scri-

24 4106 31 4139 ,
129 4059 185 4132 pla
199 4060 336 4131 promota
348 4063 393 4115 eat
404 4054 529 4130 additio,
548 4055 692 4135 siquidem
705 4054 766 4116 eius
777 4053 982 4115 oecumenicae
993 4065 1094 4110 aacrae
1107 4047 1217 4128 synodi

129 4135 249 4194 tellone
271 4141 293 4202 7
314 4137 472 4200 recitatum
497 4148 580 4200 extat
604 4139 963 4221 constantinopolitanum
983 4133 1150 4215 symbolum
1169 4131 1218 4193 laia

129 4220 221 4301 plane
235 4216 348 4283 verilis:
369 4223 457 4284 credo
471 4225 504 4284 in
518 4225 667 4303 Spiritum
681 4227 830 4286 &ndum
850 4267 858 4285 .
872 4265 905 4284 ..
926 4221 981 4301 qui
993 4238 1028 4279 sat
1039 4227 1171 4300 putreat
1184 4236 1219 4279 ex

122 4305 198 4384 filio
210 4305 360 4388 procedit.
404 4308 517 4371 Graece
534 4308 568 4374 ia
582 4312 640 4373 τοῦ
659 4304 772 4393 amede
786 4304 838 4372 aul
855 4304 889 4371 ie
902 4308 959 4369 rori
972 4302 1045 4369 etot
1059 4295 1222 4387 &mutui-
