2934 4838
372 338 451 461 nn.
465 390 523 461 m.
562 387 956 470 onnonoeocnun
1126 398 1199 469 ess

117 550 182 648 &ppt
210 548 329 644 m
349 549 473 648 &pl-uffi-
549 560 721 620 Coniuratio
755 560 939 642 deprehensa
963 560 997 620 in
1024 559 1198 643 rugatum

210 652 277 697 οισι
289 650 329 696 tv.
359 652 466 699 retreat.
507 644 591 704 cuius
630 644 795 725 suspicione
828 647 918 705 etiam
953 644 1093 707 Arseuius
1126 651 1198 709 exul

107 713 189 778 1266
265 711 289 772 2
409 714 432 775 7
505 728 687 809 aspergitur:
723 729 775 789 sed
803 730 853 791 ille
881 729 1081 791 innocentiam
1114 753 1197 793 snam

503 815 621 895 probet.
661 815 702 876 ib.
719 834 745 875 c.
761 816 811 881 16.

102 985 185 1048 1267
265 980 288 1040 8
408 984 429 1045 8
545 978 708 1059 Imperator
719 978 950 1039 Armnianorum
961 978 1089 1040 schisma
1099 983 1198 1061 repri-
1215 997 1302 1054 1‘535

503 1082 584 1123 mma
601 1073 736 1125 mnsam.
777 1064 839 1125 eins
852 1083 886 1123 aa
900 1064 938 1123 de
950 1083 984 1124 re
997 1065 1037 1125 ed
1050 1067 1196 1147 populum

501 1150 609 1212 oratio.
649 1148 893 1229 Paohym.411.

542 1233 610 1294 Hoc
622 1253 700 1294 anno
711 1234 890 1294 tranaletum
901 1234 1083 1295 Germanum
1096 1254 1113 1294 a
1125 1236 1195 1297 sede

500 1316 767 1399 Adrianopolitana
785 1319 818 1378 in
838 1319 1193 1400 constantinopolitanam

499 1404 685 1465 eerisirnilius
697 1413 784 1486 puto.

540 1489 616 1552 Nam
636 1490 669 1551 id
692 1509 730 1550 ne
746 1491 859 1550 fectum
869 1488 1034 1549 existimem
1047 1509 1125 1549 anno
1138 1510 1192 1551 su-

500 1575 624 1654 periori,
644 1575 717 1637 facit
729 1576 876 1658 primum,
897 1573 978 1651 quod
995 1594 1063 1634 cum
1077 1575 1193 1633 Arsenii

497 1659 640 1719 iudicium
653 1661 821 1723 absolutum
834 1658 927 1719 suerit
941 1659 995 1718 sub
1008 1659 1098 1719 finem
1111 1659 1190 1736 Maii,

498 1753 534 1803 ut
563 1745 670 1803 diserte
695 1745 787 1804 tradit
815 1742 1026 1823 Pechymeres‚
1063 1744 1190 1824 spatium

497 1830 579 1908 quod
595 1829 718 1888 indeed
735 1828 813 1889 diam
824 1831 1019 1904 Pentecosten,
1035 1849 1095 1908 quo
1111 1829 1191 1888 idem

495 1913 706 1994 inauguratum
713 1915 894 1975 Germanum
905 1915 1043 1990 affirmat,
1054 1934 1121 1974 cum
1129 1934 1191 1972 non

496 2000 629 2081 potuerit
640 2019 702 2059 esse
713 2000 781 2081 plus
796 2019 884 2078 quam
897 2008 965 2059 octo
980 1998 1111 2074 dieram,
1133 2019 1190 2056 en-

465 2092 466 2095 ’
495 2085 606 2164 gastius
622 2094 668 2145 est
684 2105 774 2164 quam
789 2093 826 2144 ut
841 2102 944 2163 cepere
955 2084 1049 2163 possit
1063 2083 1190 2161 inquisi-

495 2169 607 2232 tionem
620 2179 651 2229 et
662 2170 903 2230 deliberationem
915 2167 1030 2247 synodi,
1043 2176 1108 2227 tum
1123 2167 1189 2226 suf-

495 2254 596 2332 fragiis
622 2255 654 2314 in
683 2255 856 2315 electionem
885 2252 1025 2313 Gumani
1053 2251 1185 2332 perlatis,

494 2337 611 2419 longam
625 2339 687 2400 eius
698 2359 754 2400 neo
765 2338 821 2398 nisi
832 2357 885 2418 per
896 2338 1007 2398 multos
1020 2335 1081 2396 dies
1092 2337 1187 2396 itera-

495 2423 534 2482 tis
561 2424 749 2503 imperatoris
771 2424 908 2503 precibus
930 2422 1039 2483 victam
1060 2421 1187 2499 denique

474 2509 717 2569 'recusationem
749 2508 888 2569 credibile
902 2509 990 2568 etiam
1003 2515 1187 2567 estamsota·

493 2592 629 2653 bundum
647 2593 757 2673 alioqui
771 2603 803 2653 et
819 2595 1064 2674 circumspectare
1079 2601 1187 2653 cande

493 2677 613 2741 solitum
633 2673 841 2759 imperatorem
859 2678 943 2740 hand
964 2678 1064 2737 stetim
1081 2695 1186 2735 ausum

492 2762 670 2825 substituere
680 2764 770 2824 alium
778 2764 910 2836 Arsacio,
921 2762 1092 2839 priusquam
1102 2777 1186 2817 mora

493 2856 524 2907 et
537 2849 719 2929 experientia
731 2847 920 2927 comperisset
930 2845 962 2903 id
974 2864 1006 2902 se
1017 2851 1086 2902 tuto
1099 2851 1130 2900 et
1140 2842 1184 2901 ci-

491 2941 541 2991 tra
562 2932 711 3013 publicam
737 2930 925 2989 oflensionem
948 2929 1106 2987 lecturum.
1149 2945 1185 2985 oc

492 3037 560 3079 cum
575 3017 689 3097 perlato
703 3014 809 3074 nunno
824 3013 862 3072 de
874 3029 993 3070 asseram
1006 3007 1184 3069 Antiocheni

489 3100 687 3182 patriarchae,
707 3118 798 3177 aquo
812 3106 848 3158 ut
859 3096 993 3157 viciniori
1006 3092 1106 3155 timeri
1114 3095 1184 3173 plns

392 3202 396 3209 '
488 3195 609 3267 poterat
629 3204 718 3263 quem
739 3184 777 3243 ab
799 3180 1001 3242 Alexandrino
1019 3187 1085 3239 toto
1105 3179 1183 3238 mari

489 3272 596 3347 diviso,
611 3270 756 3330 annuatur
769 3267 809 3327 ad
823 3265 994 3328 audendum
1005 3263 1116 3340 suisset,
1130 3284 1181 3324 re-

486 3357 640 3418 tardatnm
653 3365 753 3417 tomen
764 3361 845 3413 metu
857 3350 991 3411 sectionis
1000 3349 1181 3409 Arsaniam-

488 3462 567 3521 rum,
581 3461 706 3503 numero
719 3448 752 3500 st
763 3437 875 3501 viribus
888 3435 1078 3514 augescentis,
1089 3454 1180 3514 quam

489 3528 528 3588 sd
545 3524 786 3607 compescendum
805 3520 896 3583 variis
909 3520 1023 3581 artibus
1035 3520 1179 3580 incubuit.

487 3612 659 3675 existimans
677 3618 777 3670 antem
796 3607 974 3668 invalescere
992 3605 1073 3666 illam
1088 3624 1178 3663 aner-

487 3697 554 3758 chia
568 3713 599 3757 et
610 3698 698 3774 longe
710 3693 863 3754 vocatione
877 3693 953 3752 sedis
961 3736 970 3769 ,
991 3688 1102 3772 populo
1120 3708 1177 3767 pe-

486 3792 596 3842 storsm
616 3789 747 3839 amotum
771 3778 840 3839 ideo
863 3778 987 3837 sortasse
1006 3773 1176 3852 requirente

486 3868 569 3947 quod
586 3874 769 3947 praesentem
785 3863 1027 3942 qualemcumque
1044 3878 1106 3916 non
1127 3855 1178 3917 vi-

486 3952 586 4028 deret,
609 3949 773 4012 decreverit
791 3949 969 4008 Germanum
988 3959 1175 4020 promovere,

485 4038 581 4097 lidum
595 4037 649 4097 sibi
661 4045 692 4096 at
704 4033 806 4113 vulgo,
826 4041 862 4092 nt
873 4027 1041 4110 apparebat,
1060 4026 1175 4106 gratio-

484 4141 550 4182 sum
564 4120 722 4180 hominem.
749 4137 808 4196 quo
820 4118 851 4175 in
866 4110 1092 4195 patriarchalem
1105 4128 1176 4170 eve-

485 4216 535 4266 cto
547 4205 700 4276 thronum,
721 4222 789 4262 cnm
801 4199 894 4261 nihilo
905 4197 1022 4276 segnius
1035 4194 1175 4255 Arsania-

484 4310 592 4351 norum
605 4290 705 4349 stadie
721 4288 845 4364 flagrare
861 4290 1031 4364 pergerent,
1054 4278 1175 4340 ebaolu-
1233 4286 1237 4293 “

485 4376 597 4436 tionem
617 4374 655 4433 ab
673 4390 709 4432 eo
730 4370 803 4433 dere
826 4371 897 4431 licet
916 4375 1021 4451 pareto
1046 4364 1175 4429 noluerit
