2966 4852
38 790 40 869 t

579 240 822 315 PRAEFATIO.
1214 277 1250 320 ιι

161 410 232 492 ega
261 404 513 477 ιιιιιιιιωιωι
541 409 716 493 areima,
741 411 824 477 enee
842 432 914 478 meo
934 424 1038 496 rogen
1057 411 1097 478 ιι
1117 413 1154 479 ι.
1177 415 1252 480 ιιι.

158 517 249 602 lippus
273 514 401 594 stbe,
432 513 520 601 quod
546 526 622 601 opus
648 525 712 580 erat
736 517 882 581 ambabus
902 508 1016 581 lecina
1036 517 1249 606 coaequandis,

155 615 308 700 eliganter
327 616 488 703 mertpsit
506 625 538 679 et
556 614 648 680 mista
1259 618 1264 627 '

230 753 286 820 VI.
327 750 589 841 Interpretationis
607 773 672 814 non
691 750 781 815 anxie
801 748 955 831 addictae,
968 748 1039 817 sed
1059 753 1119 817 et'
1108 777 1140 818 m
1160 776 1251 842 para-

150 855 279 942 phrasim
301 853 467 941 aliquando
491 850 683 917 redundantis
703 854 780 919 baec
800 853 958 942 peculiaris
978 854 1129 918 exeusatio
1152 856 1226 920 est
1217 880 1249 920 ιιι

148 959 207 1020 boc
234 958 394 1031 omniurn,
432 956 487 1043 qui
514 952 629 1020 Graece
654 955 795 1020 historias
825 954 1001 1036 edidemnt,
1034 955 1248 1020 obscurissimo
1317 998 1318 1003 κ

146 1060 300 1147 scriptore.
342 1061 493 1123 lectorum
513 1058 565 1121 alii
586 1053 700 1122 Graece
719 1058 831 1139 sciunt,
855 1058 907 1122 alii
929 1056 1029 1144 (quae
1048 1059 1148 1122 maim
1161 1060 1249 1122 turba

147 1164 212 1242 eet)
231 1185 297 1227 nun
317 1162 402 1225 item.
443 1171 621 1224 neutrorum
637 1159 897 1225 accommodatam
916 1158 1084 1227 rationibus
1103 1162 1249 1247 putabam

38 1320 39 1327 ,
145 1258 318 1327 versionem
339 1252 516 1350 scrupulose
534 1260 696 1342 sedulam,
709 1264 924 1328 balbutientem
945 1274 976 1327 et
995 1264 1148 1339 illautam,
1170 1282 1247 1348 quae

38 1332 41 1481 l
143 1361 243 1426 iem
276 1364 454 1451 quiusa,
488 1365 626 1426 aaran
658 1366 821 1450 pequam,
854 1364 1011 1446 ambigua
1027 1350 1247 1461 coaeternae

38 1488 39 1513 ³
142 1475 283 1529 mutnet.
328 1485 406 1525 nam
426 1462 546 1524 Graece
566 1461 689 1542 quidem
709 1463 807 1539 docti,
825 1464 854 1525 si
872 1467 956 1548 queis
976 1464 1084 1550 cupido
1106 1466 1177 1530 insit
1196 1468 1246 1529 iu-

142 1564 251 1631 dolem
273 1559 432 1628 noscendi
453 1556 711 1636 Pachymerianae
728 1559 886 1646 dictionis,
912 1566 1005 1642 longa
1028 1564 1063 1626 id
1086 1586 1246 1652 assequen-

138 1679 192 1730 tur
211 1666 341 1731 lacibus
360 1658 478 1724 Graeco
499 1657 570 1743 ipso
585 1666 731 1721 ‘contextu
749 1659 885 1745 protinus
905 1658 1050 1739 meando,
1069 1684 1159 1746 quam
1169 1672 1248 1731 mate

142 1776 234 1828 terso
264 1757 415 1826 intuendo
442 1761 524 1825 reiut
550 1757 684 1845 quodam
709 1763 833 1847 speculo
860 1761 1119 1848 interpretamenti
1139 1767 1251 1849 sesqui-

142 1863 297 1940 barbari,
322 1862 493 1925 latinitatem
511 1860 723 1926 inritisairnam
741 1884 798 1948 per
818 1863 921 1927 omnia
942 1862 1101 1945 graecismi
1127 1865 1251 1947 vestigia

143 1967 305 2029 lutulento
329 1964 444 2028 tramite
469 1964 620 2050 reptantis.
661 1976 845 2030 caeterorum
867 1965 920 2051 qui
940 1986 1001 2028 una
1011 1965 1096 2033 freti
1124 1967 1252 2033 Latinae

144 2065 276 2148 linguae
297 2065 403 2151 peritia
425 2065 582 2130 historiam
603 2066 712 2131 banc
702 2089 734 2129 m
758 2088 867 2134 manus
891 2079 1029 2165 sument,
1052 2069 1251 2136 manifestum
1323 2141 1325 2144 Α

145 2180 195 2232 eet
213 2189 280 2230 non
299 2165 333 2229 id
353 2180 460 2233 votum
476 2180 528 2232 aut
544 2166 726 2233 destinatum
746 2190 829 2250 esse,
849 2169 985 2265 nonium
1008 2181 1040 2233 et
1058 2170 1249 2255 labyrintho-

143 2291 217 2335 rum
243 2269 412 2351 ambagiosi
437 2269 540 2356 scripti
562 2260 801 2356 experimentum
827 2293 971 2358 praesens
992 2292 1114 2359 capere,
1143 2276 1245 2362 potius

139 2392 235 2459 quam
262 2369 459 2436 absconditae
488 2370 687 2479 delossaeque
706 2371 767 2435 illie
787 2371 861 2437 fidei
879 2385 1031 2456 gestamm
1050 2394 1124 2441 rere
1143 2397 1246 2442 rarum

138 2472 256 2560 liquido
275 2468 441 2560 lucidoque
461 2473 633 2539 testimonio
646 2462 761 2539 doceri.
802 2474 918 2570 studui
923 2498 1012 2558 ergo,
1033 2497 1095 2564 quo
1115 2479 1165 2545 his
1186 2483 1245 2545 ob-

139 2573 359 2652 secundarem,
387 2575 564 2658 indagatum
590 2578 702 2659 magno
729 2579 907 2665 plenamque
929 2581 1033 2642 labore
1059 2603 1131 2646 meo
1152 2585 1245 2649 huius

138 2678 296 2764 scriptoris
312 2670 440 2741 sensum
461 2699 550 2764 quam
570 2680 732 2744 clarissime
749 2702 930 2768 proponere,
952 2678 1101 2767 adeoque,
1121 2683 1175 2748 ubi
1193 2706 1244 2751 res

137 2791 294 2867 paueret,
320 2777 459 2844 ιΙὶιιίιιοιι
480 2801 499 2843 a
521 2781 666 2864 confusis,
686 2803 726 2845 ex
745 2782 875 2849 horridis
891 2781 1003 2865 nitida,
1023 2787 1114 2867 plana
1134 2808 1153 2850 e
1172 2808 1242 2874 pra-

138 2885 199 2968 vis,
220 2897 328 2973 aperta
349 2904 390 2949 ex
410 2879 613 2962 aenigmaticis
633 2881 770 2949 reddere.

222 3002 302 3070 Vll.
342 3001 439 3067 Erunt
463 3013 565 3066 manen
593 2988 697 3084 (seio)
724 3003 840 3090 qmbus.
863 3022 922 3065 nee
948 2988 1064 3062 fac‘tnm
1091 3003 1241 3069 neclecti

138 3103 282 3171 defensio
303 3105 488 3193 probabitur.
528 3104 563 3166 hi
589 3125 664 3169 vero
690 3106 744 3171 vel
771 3102 949 3166 ermeleno
964 3120 1042 3195 yma,
1073 3100 1157 3185 licet,
1183 3129 1240 3171 ex·

139 3208 322 3288 terminent,
349 3204 446 3270 modo
472 3214 567 3269 testae
593 3226 717 3268 oausam
744 3198 931 3267 adscribentt
953 3204 1186 3293 proscriptum
1205 3221 1240 3276 te

141 3308 308 3387 voluntas,
331 3303 778 3397 qrrocl‚tenebrieoaisaimum
798 3303 996 3392 aarqrtorem
1008 3306 1128 3393 primo
1142 3308 1241 3397 aspa-j

146 3419 201 3472 eta
219 3408 470 3499 mtslligibilam
480 3406 618 3490 ficere.
658 3405 715 3473 aed
733 3407 859 3491 meliora
878 3406 1054 3475 Venusinus
1071 3422 1243 3494 auguratur,

144 3530 166 3572 a
188 3508 305 3577 direrm
324 3532 505 3600 responaens

307 3614 478 3681 solventur
497 3612 568 3679 ηἰιι
587 3608 741 3691 tabulae,
762 3619 798 3676 ιιι
819 3611 940 3678 misma
961 3610 1077 3677 abibis.

142 3710 307 3778 enimvero
324 3714 352 3780 si
370 3704 507 3780 mentem
533 3714 634 3800 scripti
656 3735 720 3777 uon
740 3715 920 3800 assequitur,
948 3715 976 3778 si
997 3712 1115 3794 affingit
1135 3712 1244 3794 aliena,

142 3813 174 3878 ai
202 3835 268 3881 non
296 3828 491 3902 repraesemat
516 3814 663 3903 quidquid
688 3815 850 3895 subest,
840 3836 905 3878 rure
933 3817 1058 3901 vapulet
1083 3813 1245 3897 interpres

142 3913 250 3980 donee
270 3916 391 4003 quidem
408 3919 530 3986 latentia
549 3916 703 4007 producit,
728 3917 865 3982 involuta
891 3916 1001 3991 exerit,
1029 3917 1137 3979 obruta
1160 3910 1247 3983 eruit,
1277 3918 1280 3935 '

142 4015 223 4083 dum
243 4021 398 4104 nucletun,
424 4044 548 4090 saccum
568 4020 725 4099 intimum,
751 4012 870 4083 mamm
891 4006 1059 4080 medullam
1079 4004 1247 4077 sententiae

141 4121 300 4186 abstrusae
327 4126 421 4189 ιιιιιιο
451 4135 615 4189 umnam
645 4120 766 4196 cortid,
798 4121 883 4186 relat
903 4118 963 4180 cibi
984 4115 1062 4178 coeti
1082 4123 1114 4172 et
1134 4098 1248 4164 wssdffi

140 4234 281 4305 paratum
312 4224 427 4306 legenti
452 4225 599 4287 tecuam
626 4221 768 4308 apponit,
797 4219 898 4282 sinam
923 4216 974 4279 isti
998 4205 1116 4274 morosi
1141 4192 1248 4262 fflffi
