3054 4842
310 368 385 442 564
608 364 843 436 onstavrr.
865 362 1102 433 cacumen

311 535 394 596 omni
404 530 455 591 die
475 528 627 590 dominico
644 539 672 588 et
692 530 728 586 in
747 525 855 588 diebus
865 527 962 608 sertis
981 528 1087 589 exinde
1108 551 1269 612 quaecum
1285 539 1408 603 benedi.

311 617 625 698 ctiooeprinssnciot.
665 611 741 673 haec
753 613 822 673 Pius
835 633 911 695 papa
926 622 957 673 et
969 625 1095 695 martyr.
1139 635 1179 675 ex
1193 625 1301 701 quibu,
1320 628 1405 688 vida

310 724 365 765 cur
388 702 524 761 exclusus
544 697 771 780 participatione
791 698 921 778 eulogiae
941 698 974 759 in
997 702 1072 760 insto
1093 702 1124 766 S.
1145 703 1405 789 Georgifflichna

310 790 460 868 Angustus
479 785 590 846 dixerit
611 778 736 865 eiviopca
756 777 939 865 iopraioapes
952 782 1068 868 tisiam
1081 787 1228 865 infestum
1242 797 1405 857 celebravi·

309 896 388 935 mas.
431 871 491 931 hoc
506 881 568 930 est:
603 869 712 928 nonid
731 868 948 947 fecimusqnod
965 869 1029 930 fieri
1042 872 1181 933 fertodie
1201 878 1241 937 ad
1257 882 1403 965 eiuslegi-

309 960 415 1020 limam
428 955 653 1016 celebrationem
664 956 709 1014 sas
724 963 754 1012 ct
767 972 839 1013 usus
855 954 1066 1016 omnitenens
1080 961 1230 1061 poscebat.

396 1039 507 1121 erigii
518 1062 608 1104 neos
627 1059 658 1119 p.
674 1034 847 1105 611v.11.‘
880 1039 919 1098 sd
934 1060 1039 1100 vocem
1054 1041 1207 1121 soziloesov
1219 1046 1294 1108 haec
1307 1070 1400 1110 anne

309 1136 357 1189 tat
369 1127 531 1188 Menrsins:
558 1126 605 1183 sic
624 1123 784 1183 dicebatur
801 1122 824 1203 η’
843 1117 1013 1191 sixoloeiiis
1034 1147 1114 1206 quac
1133 1132 1167 1189 in
1184 1140 1400 1194 consecrarem

311 1208 932 1293 oleipsallsbatnrasrpumecscerdots'bns.
949 1211 1088 1271 eruditus
1097 1212 1241 1296 interpres
1251 1218 1399 1279 Enclrolo·

310 1299 352 1379 gii
373 1299 453 1359 notis
476 1296 515 1355 ad
537 1290 688 1376 nigilnsov
706 1313 737 1373 p.
750 1293 811 1359 431
831 1294 875 1354 sic
893 1295 1010 1356 scribit:
1029 1301 1149 1375 passim
1169 1313 1266 1360 aurem
1288 1324 1398 1362 rursus

312 1379 463 1464 εὔχὲλαιον
482 1391 631 1457 vocatur,
658 1380 750 1459 qnasi
775 1377 865 1438 dicos
888 1382 973 1454 (non
1000 1382 1059 1440 olei
1078 1389 1334 1463 consecrauonem,
1360 1400 1397 1447 ut
1497 1444 1498 1455 ,

310 1468 439 1528 borbore
453 1467 607 1527 Menrsins
618 1468 652 1522 in
668 1464 842 1546 Glossario)
854 1463 909 1525 sed
919 1465 1017 1526 oleum
1030 1487 1099 1526 cnm
1112 1471 1251 1547 oratione,
1272 1493 1394 1550 compo-

310 1557 382 1612 sitis
395 1552 441 1612 ad
459 1554 586 1610 invicem
606 1544 697 1630 εὐχῆς
718 1559 746 1607 et
765 1549 866 1613 ἐλαίου
879 1551 1012 1611 vocs'bns.
1053 1550 1129 1614 haec
1141 1553 1206 1631 ille3
1226 1557 1279 1635 qui
1292 1576 1395 1617 vereor

309 1648 348 1699 ut
363 1647 423 1699 tam
438 1636 522 1697 facile
538 1644 668 1717 praestet
681 1634 859 1712 aequitatem
878 1655 948 1696 suaa
965 1655 1122 1716 censuras,
1151 1661 1238 1719 quam
1256 1641 1395 1704 Meursias

309 1724 348 1783 ab
368 1722 612 1803 interpretatione
632 1739 687 1781 sua
703 1719 849 1781 barbariei
873 1731 974 1782 notam
995 1722 1082 1783 eluet
1125 1746 1196 1785 nam
1213 1747 1316 1788 revera
1335 1736 1394 1787 tota

309 1811 476 1873 ceremonia
490 1827 526 1867 ao
536 1807 612 1867 ritus
625 1804 727 1865 multis
737 1806 921 1867 orationibus
934 1825 970 1866 so
984 1807 1239 1872 benedictionibus
1254 1823 1393 1884 construe,

310 1915 371 1976 quo
396 1892 624 1972 consecrabatur
644 1891 758 1968 oleam,
796 1885 947 1972 sigilnsos
968 1902 1104 1954 vocatur.
1152 1897 1276 1958 videtur
1302 1909 1392 1957 eutem

310 1991 417 2041 auctor
439 1989 575 2039 notarum
598 1975 637 2035 ad
657 1974 871 2055 Enchologium
885 1977 966 2037 idam
993 1976 1052 2038 hoc
1078 1979 1145 2040 loco
1174 2002 1291 2058 passm,
1318 1981 1392 2062 qnod

199 2082 289 2139 pam
308 2065 480 2127 humanitus
503 2062 657 2141 contigisse
674 2061 768 2121 refert
787 2063 897 2122 Gellius
910 2062 930 2124 l.
945 2067 967 2127 7
983 2063 1122 2123 Noctium
1137 2066 1304 2128 Atticarum
1318 2070 1392 2130 017

306 2151 499 2231 grammatino
520 2147 640 2209 cuidam
659 2146 767 2207 celebri
785 2168 804 2207 a
816 2167 847 2207 se
863 2146 1048 2228 interrogato
1061 2149 1100 2209 de
1115 2152 1238 2212 notione
1250 2152 1328 2213 vocis
1344 2151 1393 2211 ob-

306 2240 427 2297 noxius.
469 2235 507 2294 de
524 2252 584 2313 quo
601 2235 644 2292 sio
663 2232 707 2295 ibi
723 2232 835 2292 Gellius
852 2233 967 2294 scribit:
986 2255 1050 2315 quc
1070 2258 1139 2295 vero
1153 2238 1205 2298 tin
1214 2240 1392 2319 grunnian-

310 2323 513 2402 orrsflnitions
526 2340 603 2379 usne
618 2330 677 2393 est,
699 2339 735 2377 ec
750 2317 871 2378 videtur
892 2322 926 2379 irs
942 2320 1030 2381 verbo
1046 2331 1111 2380 tam
1125 2323 1292 2403 multiplici
1305 2342 1392 2381 unam

308 2403 519 2465 antummodo
539 2406 768 2482 usurpationem
790 2407 857 2462 eins
876 2416 1003 2465 notasse.
1046 2407 1088 2465 sic
1109 2409 1186 2466 enim
1208 2418 1237 2465 et
1254 2408 1286 2466 P.
1307 2410 1392 2481 Gosr,

307 2510 376 2550 cum
392 2489 492 2569 plnres
504 2482 659 2568 eigslolov
673 2489 784 2567 species
797 2490 922 2565 suerint,
942 2490 1040 2550 omnia
1051 2494 1089 2550 ad
1103 2510 1191 2551 anam
1204 2490 1306 2565 trabit,
1328 2510 1393 2549 eam

306 2595 366 2653 qua
384 2574 482 2632 oleum
503 2571 542 2630 ad
563 2572 733 2631 unctionem
753 2572 942 2635 intirmorum
967 2577 1139 2655 parabatur,
1172 2595 1265 2653 aqna
1291 2584 1391 2634 tamen

306 2660 370 2740 ipse
391 2657 459 2717 alibi
479 2657 627 2716 diversam
649 2668 797 2718 memorat
811 2680 842 2738 p.
863 2661 937 2728 441.
956 2663 1041 2721 cuius
1055 2655 1231 2723 iroioniiar
1240 2659 1303 2718 sire
1319 2660 1389 2719 ossi-

307 2746 387 2805 cium
403 2764 438 2803 ac
449 2741 678 2802 consecrationis
693 2742 785 2803 ritum
800 2744 914 2804 editum
926 2764 957 2804 se
970 2747 1076 2807 vidisse
1087 2746 1144 2820 ait,
1170 2745 1221 2804 etsi
1242 2764 1311 2804 snae
1324 2743 1391 2805 col·

305 2830 426 2892 lectioni
440 2849 500 2890 non
524 2827 675 2888 curaverit
693 2827 822 2888 inserere
841 2839 964 2911 propter
981 2832 1173 2912 suspicionem
1190 2830 1340 2891 onnadm
1359 2831 1394 2891 in

306 2936 343 2977 eo
356 2915 607 2997 lislobppossing
622 2924 654 2973 et
664 2915 888 3018 superstitionis.
929 2926 1011 2976 certe
1035 2917 1094 2978 hoe
1116 2937 1231 2997 quoqne
1253 2914 1396 2977 cuiushic

305 3003 500 3083 Pachymeres
521 3000 655 3060 meminit
671 3000 841 3081 captiosos,
868 3011 934 3061 tum
955 3001 1057 3062 abillo
1073 3023 1135 3062 non
1149 3004 1295 3063 immerito
1308 3004 1398 3063 Goari

306 3098 444 3169 suspecto
469 3083 625 3146 euchelaeo
650 3105 706 3166 pro
730 3086 879 3162 mortuis,
909 3106 999 3165 quem
1024 3089 1132 3147 Graeci
1152 3099 1264 3149 vocant
1283 3085 1399 3167 islaris

305 3170 408 3237 ἐλαίου
422 3169 499 3251 ὑπὲρ
513 3176 575 3233 eois
587 3168 813 3251 κοιμηθέντων,
833 3180 896 3231 tum
909 3193 925 3230 ι
939 3176 1162 3233 consecratione
1177 3174 1235 3235 olei
1247 3196 1303 3255 pro
1318 3175 1400 3233 insir-

304 3256 376 3333 mis,
397 3257 549 3317 manifeste
563 3256 717 3317 diversum
728 3265 779 3316 est
820 3258 891 3335 quin
907 3257 1009 3316 docuit
1021 3279 1067 3318 nie
1082 3259 1301 3320 eruditissimus
1319 3259 1400 3319 atn-

304 3342 364 3399 tius
378 3361 436 3401 usu
448 3342 609 3403 obtinuisse
624 3340 705 3421 apud
718 3341 845 3401 Graecos
864 3352 898 3402 ut
913 3342 1034 3421 quidam
1048 3345 1124 3404 ritus
1138 3338 1282 3425 eigilem
1293 3365 1402 3406 vocen-

304 3434 374 3500 tur,
395 3427 547 3506 inquibus
561 3427 661 3488 nullus
674 3427 731 3486 olei
744 3447 815 3488 usus
829 3428 1008 3502 intervenit,
1029 3431 1075 3488 uti
1088 3432 1219 3510 exempli
1239 3433 1335 3511 gratia
1350 3433 1403 3490 sli-

304 3509 443 3586 quando,
465 3512 577 3589 inquit,
601 3513 706 3571 florem
728 3521 782 3571 ant
801 3513 950 3573 ramulum
972 3515 1068 3573 sancti
1088 3514 1259 3595 cuiuspiam
1278 3517 1403 3596 reliquiis

304 3603 358 3652 aut
370 3593 488 3673 imagini
501 3596 675 3677 praecipuae
687 3599 885 3657 venerationis
896 3599 1051 3658 admotum
1064 3599 1102 3658 ad
1115 3619 1244 3677 aegrum
1262 3603 1403 3677 deserunt,

303 3678 356 3757 qni
381 3677 534 3739 confidens
551 3682 648 3740 sancti
668 3682 731 3741 eius
749 3683 886 3763 precibus
906 3684 1019 3758 iuvari,
1048 3702 1084 3743 eo
1102 3682 1234 3747 flosculo
1254 3709 1340 3749 ramo
1356 3696 1404 3746 sut

303 3765 393 3823 etism
416 3762 508 3822 linteo
527 3762 657 3833 dolentia
680 3767 735 3827 sibi
757 3769 888 3829 membra
912 3770 1064 3848 contingit
1106 3766 1186 3844 hoc,
1209 3777 1315 3852 utqui
1334 3773 1405 3833 vidit

303 3849 363 3909 lida
383 3849 567 3929 dignissimus
582 3861 727 3928 testatur,
750 3850 903 3934 sigilasov
923 3855 1081 3936 appellant.
1123 3874 1229 3935 neque
1245 3857 1296 3920 hio
1310 3860 1404 3923 trano

301 3938 483 3996 mentionem
500 3938 611 4017 κυρίως
627 3959 662 3998 ac
681 3939 816 4019 proprie,
838 3940 891 3999 sed
909 3945 1058 4022 μυστικῶς
1071 3950 1103 4000 et
1116 3939 1254 4019 figurate
1272 3944 1404 4024 usurprri

302 4031 429 4102 putant,
451 4032 598 4099 quatenus
619 4023 675 4083 olei
688 4023 822 4103 symbolo
846 4026 910 4102 dei,
931 4044 1007 4104 quse
1026 4023 1074 4084 his
1091 4026 1205 4087 ritibus
1219 4030 1405 4112 imploretur,

301 4108 520 4185 misericordie,
542 4108 712 4188 designatur
722 4117 752 4167 et
765 4108 865 4174 ἔλαιον
880 4105 947 4174 o’vrl
959 4110 1045 4174 ilion
1057 4111 1200 4174 sumitur.

386 4195 553 4276 topiros
593 4194 626 4250 in
641 4193 734 4253 titulo·
751 4196 855 4274 capitii
875 4197 948 4265 121.
968 4200 988 4261 8
1010 4198 1053 4279 (p
1070 4200 1104 4273 6)
1118 4193 1157 4259 sci
1171 4197 1257 4264 nerei
1273 4198 1346 4277 roric
1360 4201 1406 4276 ic·

297 4293 427 4409 puerove,
451 4285 483 4335 et
498 4276 633 4335 similiter
646 4277 679 4337 in
693 4278 782 4337 titulo
798 4300 823 4342 c.
839 4284 879 4345 18
902 4274 1049 4364 uinoioyin
1063 4286 1124 4345 tois
1146 4278 1306 4370 inprims.
1349 4303 1406 4346 asse
1430 4347 1437 4361 ‚

322 4375 476 4418 ocnomen
494 4378 556 4418 non
570 4362 726 4443 proprium
744 4365 857 4444 gentis,
878 4366 931 4427 sed
951 4367 1186 4449 appellativum,
1220 4382 1260 4433 ut
1285 4367 1406 4457 ἆγρόται

330 4268 338 4289 9
