3036 4840
230 283 307 358 ooo
440 278 444 283 ’
524 268 755 350 onsanvsr.
777 260 1015 373 recursuri

229 448 341 536 prom?
361 445 469 530 opinor
489 444 561 527 qula
580 465 620 507 ex
638 444 677 505 iia
700 452 765 506 erat
791 444 844 525 qui
866 462 905 505 er
924 443 1026 505 officio
1048 443 1164 505 notus
1175 461 1326 526 apparere

229 532 341 597 birrum
358 533 569 614 imperatorem
582 538 635 591 aut
648 530 681 589 in
696 530 836 612 proximo
857 531 896 591 ad
913 529 1028 590 subitas
1043 529 1231 590 eroc'atiouee
1242 552 1324 590 aem-

229 630 286 705 per
303 638 365 678 ease
386 616 549 693 debebant,
577 615 751 676 cubiculum
771 615 919 696 principia
938 615 992 675 diu
1004 616 1066 675 fere
1087 623 1242 695 noctuque
1253 617 1324 677 fro⁴

229 710 429 787 quentautes.·
456 702 528 762 ride
539 721 615 782 quse
627 700 760 760 diximus
769 699 862 761 verbo
876 694 1153 785 παρακοιμῶμενος.

309 781 429 867 σχολή
449 806 480 867 p.
501 789 542 852 50
562 806 593 846 v.
612 790 634 850 6
655 795 686 844 et
703 789 809 866 1).de
828 805 860 850 v.
878 790 908 851 3.
949 785 1146 866 peculiarem,
1167 784 1203 843 ni
1221 783 1323 861 tellam

226 873 288 936 vim
300 872 391 932 babet
405 888 468 931 vox
482 874 574 956 σχολῇ
588 868 745 947 hocloco,
762 869 924 952 emphasim
938 872 1036 930 serena
1056 870 1210 931 cuiusdam
1226 868 1322 930 iuter-

225 956 389 1035 rogationis
403 956 501 1016 ironis
515 956 684 1015 submittas.
727 956 826 1032 agitur
838 955 875 1015 de
890 955 989 1015 Serbia
1003 956 1140 1037 populis,
1162 975 1237 1034 quos
1250 975 1321 1035 pros

226 1044 293 1125 pria
311 1042 422 1101 civium
436 1049 467 1100 et
482 1040 671 1122 popularium
684 1060 808 1101 auorum
822 1058 927 1120 rapere
948 1041 1069 1119 solitos,
1087 1040 1320 1102 verisimilem

227 1127 364 1188 essetab
386 1127 518 1187 externis
536 1145 591 1206 per
612 1142 716 1186 eorum
730 1124 805 1186 fines
823 1125 1081 1206 peregrinantibus
1091 1134 1319 1207 temperaturum

228 1212 288 1274 bac
308 1214 400 1272 ferme
417 1211 575 1271 sententis:
598 1212 651 1290 qui
672 1230 743 1271 auos
763 1211 893 1290 diripere
911 1230 974 1269 non
988 1211 1145 1286 dubitant,
1164 1210 1201 1269 ab
1216 1209 1318 1269 alienia

232 1298 347 1358 scilicet
360 1296 570 1356 abstinebunt?
590 1296 700 1356 iterum
716 1295 748 1354 in
760 1296 849 1356 simili
861 1296 983 1356 notione
996 1306 1176 1377 usurpatum
1192 1294 1248 1355 boc
1260 1314 1314 1353 roa

233 1382 374 1443 cabuluus
389 1379 514 1441 babetur
526 1378 578 1445 l.5
600 1386 681 1447 c.12
698 1379 737 1440 in
756 1380 803 1441 his
823 1380 938 1441 verbis:
961 1381 990 1443 εἰ
1006 1379 1039 1444 dl
1054 1382 1187 1460 dsdoirrev
1204 1379 1252 1441 set
1264 1378 1312 1440 de:

233 1473 359 1546 uincor,
387 1470 485 1551 σχολῇ.
497 1460 567 1527 rtvol
587 1460 677 1545 τόσην
699 1464 844 1545 τέμνοντα
863 1460 1021 1528 θάλασσαν
1041 1468 1103 1528 soiv
1119 1466 1238 1528 δικαίων
1255 1457 1323 1543 εἶμι·-Α

233 1553 400 1632 occursatio.
441 1553 471 1608 es·
491 1570 559 1609 vero
579 1553 676 1610 etius
691 1553 921 1631 provocationio
937 1554 1166 1610 concesserimo
1174 1564 1188 1626 ‚'
1199 1552 1327 1629 pmioun·

232 1639 297 1696 lum
302 1638 403 1713 fuerit
415 1636 530 1694 scilicet
540 1656 578 1693 ne
589 1639 660 1715 quia
673 1646 738 1695 tom
750 1648 835 1696 vasto
849 1637 930 1696 moti
938 1639 989 1695 ies
1001 1656 1092 1695 ouum
1106 1645 1321 1717 persecuturus

233 1724 370 1783 Ilomcm
393 1742 424 1779 ee
444 1721 602 1798 conferet?
629 1721 720 1781 alium
741 1720 836 1781 babeo
862 1720 952 1781 buius
969 1721 1114 1781 idiotiami
1137 1732 1248 1781 testem-
1262 1722 1320 1800 sy*

232 1822 368 1869 naconem
380 1805 453 1866 Seth
464 1808 497 1867 in
510 1807 667 1867 Graecsex
675 1807 800 1866 Arabico
816 1808 1061 1886 interpretatione
1073 1805 1145 1865 libri
1159 1824 1246 1885 quem
1258 1805 1321 1885 ipae

156 1938 159 1945 ,
232 1887 397 1974 ι’χνηλάτην
417 1900 513 1952 vocat.
553 1890 636 1950 hune
653 1911 707 1951 nos
723 1892 826 1951 Latine
843 1890 995 1952 redditum
1019 1892 1058 1952 ad
1083 1891 1196 1951 calcem
1213 1891 1321 1950 barum

231 1978 481 2037 Observationum
497 1976 651 2036 mantissae
666 1976 734 2037 loen
750 1977 863 2037 domus.
906 1977 969 2036 eins
985 1977 1017 2035 in
1031 1977 1162 2036 secunda
1179 1977 1323 2035 ffissuu-

230 2062 312 2122 tlone
324 2063 367 2121 sic
383 2063 495 2121 Graece
508 2062 635 2141 legitur:
657 2058 754 2145 elysio
768 2059 811 2144 μή
828 2057 905 2144 ὑπὲρ
917 2059 1013 2125 αὑτοῦ
1030 2057 1255 2141 ἄπολογήσηταὶ
1268 2084 1322 2136 τις,

231 2146 324 2232 “tilii
340 2140 371 2229 γ’
385 2142 425 2209 ἂν
437 2146 538 2229 ἑτέρου
552 2146 792 2232 inconsultorum
835 2151 892 2227 qui
903 2149 981 2206 enim
996 2168 1034 2206 ne
1045 2169 1077 2206 ae
1090 2145 1210 2228 quidem
1221 2151 1324 2226 ipsum

230 2235 264 2290 in
280 2232 417 2310 periculo
441 2229 622 2310 defenderit,
651 2232 690 2292 ab
712 2233 876 2291 eo'scilt‘cet
895 2242 1061 2312 expectetur
1080 2244 1116 2290 ut
1126 2232 1322 2311 sortiterpm

231 2317 362 2374 ader-ius
377 2319 476 2396 capite
498 2315 644 2377 decertet?
665 2317 698 2377 in
716 2318 841 2399 septima
857 2326 976 2398 quoque
997 2319 1041 2377 sic
1059 2319 1160 2396 regina
1179 2319 1319 2375 maritum

230 2401 410 2480 alloquitur,
432 2419 616 2480 conquerens
632 2423 694 2462 non
713 2403 928 2463 communicari
949 2402 1008 2462 eibi
1027 2402 1064 2462 ab
1077 2422 1110 2462 eo
1121 2402 1196 2460 scitu
1210 2420 1316 2458 necea·

229 2485 340 2553 tamum
354 2502 503 2582 arcanum.
545 2488 577 2585 ai
588 2482 645 2571 yolo
662 2482 760 2570 ἔμοιγ’
778 2483 819 2551 alu
833 2482 1032 2575 ἆποκρόψῃς,
1054 2490 1138 2570 σχολῇ
1155 2479 1188 2567 γ’
1202 2479 1311 2581 sirit}-

231 2567 1309 2739 restituuntur1zztttt‘t‘ztit‘t‘ttrtt

232 2740 388 2804 Prooemio
404 2738 552 2800 Historiae
567 2761 596 2820 p.
614 2740 695 2805 2ed.
709 2742 779 2819 lieg.
1271 2770 1275 2777 ν

319 2823 461 2901 culiae
481 2847 510 2905 p·
526 2830 587 2892 tte
602 2846 631 2890 v.
646 2830 675 2889 1.
716 2826 788 2907 quid
807 2827 848 2887 sit
868 2824 994 2903 σωλὲας,
1015 2823 1315 2906 magnaetperplexa

236 2914 370 2990 quaestio
387 2920 440 2976 est.
480 2911 538 2989 legi
550 2920 702 2988 accurate,
722 2913 776 2972 diu
787 2913 1042 2987 meditaturam,
1064 2930 1139 2991 quae
1151 2911 1187 2971 de
1198 2909 1255 2970 boc
1268 2926 1318 2973 ar*

236 3006 377 3074 gumento
392 2996 449 3058 viri
467 2996 631 3056 doctissimi
644 2997 767 3056 loannes
780 2999 940 3070 bieuraius,
963 3000 1020 3056 Leo
1034 2998 1179 3073 allatius,
1199 2995 1318 3055 lacobua

235 3083 317 3142 Ooar
330 3082 404 3142 Ord.
419 3083 539 3156 Praed.‚
560 3081 684 3142 lecobus
703 3083 858 3143 Gretserus
879 3093 909 3143 et
930 3082 1101 3142 Ludorieus
1119 3083 1259 3143 Cellotius
1273 3100 1320 3138 so·

233 3166 350 3225 cietatis
367 3176 487 3227 nostrae
503 3166 658 3246 scripsere.
702 3169 736 3228 in
752 3169 796 3229 rei
814 3169 922 3234 deinde
935 3168 1157 3247 inquisitionem
1170 3167 1263 3247 ipsius
1278 3173 1321 3222 at·

231 3251 366 3309 tentione
382 3251 470 3331 ionga
484 3252 587 3312 etacri
600 3252 730 3313 incubui.
772 3272 920 3334 exponam
942 3251 1009 3328 hic,
1029 3253 1055 3312 si
1077 3263 1203 3332 potero,
1222 3251 1321 3309 breri-

231 3342 280 3393 ter
301 3344 332 3395 et
352 3336 431 3395 clare
454 3337 527 3415 quid
548 3336 689 3399 discussic
709 3340 824 3398 curretis
844 3338 1095 3398 verisimillimum
1115 3335 1320 3416 compererim,

231 3416 301 3478 luce
321 3421 493 3496 praesertim
518 3421 594 3482 mibi
621 3422 715 3482 affusa
735 3443 774 3482 ex
794 3423 992 3483 eruditissima
1018 3422 1146 3483 diatriba
1170 3419 1321 3482 illustriss.

229 3501 337 3563 leonis
360 3502 465 3562 Ailatii
485 3505 525 3564 sd
546 3506 670 3567 Fabium
689 3507 838 3587 Gbisium5
859 3507 948 3570 hodie
968 3508 1173 3567 Alexandrum
1195 3506 1262 3580 vlt,
1284 3503 1321 3562 de

228 3587 289 3648 hoc
301 3586 424 3668 proprie
438 3599 611 3667 argumento
626 3592 786 3654 novissime
797 3602 827 3652 et
841 3592 1059 3653 accuratissime
1078 3592 1202 3673 scripta.-
1243 3588 1321 3649 inci·

228 3673 282 3756 pic
303 3693 321 3731 a
339 3670 577 3735 consideratione
593 3677 733 3737 numinis.
775 3677 902 3754 σωλὲας,
922 3680 986 3738 sive
1003 3686 1039 3737 ut
1053 3679 1184 3758 Symeon
1196 3674 1320 3735 rucu-

228 3756 391 3820 lonicensia
404 3756 522 3834 dialogo
540 3760 577 3818 de
592 3762 782 3822 sacramentis
795 3764 975 3822 emendatius
986 3763 1108 3840 scribit,
1129 3759 1249 3836 σολέας,
1269 3757 1319 3818 vel

229 3845 318 3904 etiam
330 3851 365 3903 ut
377 3843 459 3923 apud
473 3842 691 3925 Eucbologium
705 3847 738 3906 in
753 3848 943 3908 ordinatione
956 3848 1074 3908 diaconi
1085 3849 1203 3928 iegitur,
1223 3842 1317 3917 colia,

228 3949 293 3989 non
311 3938 356 3988 eat
369 3929 548 3988 vocabulum
564 3930 693 3992 Graecae
705 3932 836 4011 originis,
854 3943 892 3993 ut
905 3954 1007 3993 omnes
1019 3933 1108 3993 saciie
1122 3930 1319 3993 consentiunt.

232 4034 289 4073 nec
308 4014 369 4073 sera
386 4013 450 4073 vidi
464 4014 516 4093 qui
531 4014 668 4076 dubitent
681 4017 755 4097 quin
770 4018 906 4078 Latinum
921 4018 970 4094 sit,-
990 4019 1024 4077 in
1038 4018 1263 4089 Hellenisosuus‚
1283 4020 1318 4071 ut

231 4099 289 4156 alia
305 4098 449 4177 plurima,
474 4120 532 4160 usu
545 4101 706 4161 intrusum.
749 4103 774 4161 ei
787 4123 856 4182 ergo
872 4102 1127 4183 disquisierimus‚
1151 4100 1222 4181 quid
1238 4097 1318 4157 tati·

231 4181 279 4236 nia
293 4183 391 4239 valeat
410 4184 510 4262 colea,
532 4186 610 4249 torte
624 4206 686 4246 non
701 4186 794 4246 fuerit
807 4188 840 4247 id
855 4189 964 4248 inutile
976 4188 1015 4248 ad
1027 4188 1173 4248 iudicium
1189 4193 1316 4246 statuen-

231 4260 303 4320 dum
317 4262 356 4324 do
369 4284 405 4327 ro
419 4268 483 4346 ipsa
494 4287 570 4332 voce
581 4268 640 4330 bae
653 4269 802 4351 indicata,
824 4290 970 4353 quaenam
984 4272 1106 4335 undem
1116 4272 1168 4340 eit.
1210 4272 1316 4330 Sextus
