<?xml version="1.0" encoding="UTF-8"?>
<!DOCTYPE html PUBLIC "-//W3C//DTD XHTML 1.0 Transitional//EN"
    "http://www.w3.org/TR/xhtml1/DTD/xhtml1-transitional.dtd">
<html xmlns="http://www.w3.org/1999/xhtml" xml:lang="en" lang="en">
 <head>
  <title>
</title>
<meta http-equiv="Content-Type" content="text/html;charset=utf-8" />
  <meta name='ocr-system' content='tesseract 3.04.00' />
  <meta name='ocr-capabilities' content='ocr_page ocr_carea ocr_par ocr_line ocrx_word'/>
</head>
<body>
  <div class='ocr_page' id='page_1' title='image "./corpusscriptoru05berlgoog_0575.png"; bbox 0 0 3036 4840; ppageno 0'>
   <div class='ocr_carea' id='block_1_1' title="bbox 274 271 1071 355">
    <p class='ocr_par' dir='ltr' id='par_1_1' title="bbox 274 271 1071 355">
     <span class='ocr_line' id='line_1_1' title="bbox 274 271 1071 355; baseline -0.005 -11"><span class='ocrx_word' id='word_1_1' title='bbox 274 278 348 355; x_wconf 77' lang='grc'><strong>578</strong></span> <span class='ocrx_word' id='word_1_2' title='bbox 575 274 810 345; x_wconf 74' lang='lat' dir='ltr'><strong>onstttvst.</strong></span> <span class='ocrx_word' id='word_1_3' title='bbox 835 271 1071 353; x_wconf 67' lang='lat' dir='ltr'><strong>Pacatum</strong></span> 
     </span>
    </p>
   </div>
   <div class='ocr_carea' id='block_1_2' title="bbox 170 438 1497 4015">
    <p class='ocr_par' dir='ltr' id='par_1_2' title="bbox 170 438 1497 1951">
     <span class='ocr_line' id='line_1_2' title="bbox 273 438 1372 528; baseline 0 -23"><span class='ocrx_word' id='word_1_4' title='bbox 273 443 356 528; x_wconf 82' lang='lat' dir='ltr'><strong>apud</strong></span> <span class='ocrx_word' id='word_1_5' title='bbox 369 440 571 524; x_wconf 76' lang='lat' dir='ltr'><strong>Acropolitsm</strong></span> <span class='ocrx_word' id='word_1_6' title='bbox 581 441 615 503; x_wconf 83' lang='lat' dir='ltr'><strong>ia</strong></span> <span class='ocrx_word' id='word_1_7' title='bbox 626 439 752 523; x_wconf 81' lang='lat' dir='ltr'><strong>imperio</strong></span> <span class='ocrx_word' id='word_1_8' title='bbox 764 439 883 501; x_wconf 87' lang='lat' dir='ltr'><strong>loannis</strong></span> <span class='ocrx_word' id='word_1_9' title='bbox 897 439 996 499; x_wconf 87' lang='lat' dir='ltr'><strong>Duoss</strong></span> <span class='ocrx_word' id='word_1_10' title='bbox 1010 438 1152 509; x_wconf 75' lang='lat' dir='ltr'><strong>Bststase</strong></span> <span class='ocrx_word' id='word_1_11' title='bbox 1165 438 1221 503; x_wconf 82' lang='lat' dir='ltr'><strong>suls</strong></span> <span class='ocrx_word' id='word_1_12' title='bbox 1235 459 1296 519; x_wconf 81' lang='lat' dir='ltr'><strong>qua</strong></span> <span class='ocrx_word' id='word_1_13' title='bbox 1310 440 1372 505; x_wconf 79' lang='lat' dir='ltr'><strong>flo-</strong></span> 
     </span>
     <span class='ocr_line' id='line_1_3' title="bbox 273 520 1370 635; baseline -0.003 -42"><span class='ocrx_word' id='word_1_14' title='bbox 273 531 349 593; x_wconf 83' lang='lat' dir='ltr'><strong>ruit:</strong></span> <span class='ocrx_word' id='word_1_15' title='bbox 371 529 452 609; x_wconf 74' lang='grc' dir='ltr'><strong><em>ἔτορε</em></strong></span> <span class='ocrx_word' id='word_1_16' title='bbox 471 525 527 610; x_wconf 76' lang='grc' dir='ltr'><strong>μίν,</strong></span> <span class='ocrx_word' id='word_1_17' title='bbox 548 524 607 635; x_wconf 65' lang='lat' dir='ltr'><strong>spi</strong></span> <span class='ocrx_word' id='word_1_18' title='bbox 619 529 730 607; x_wconf 69' lang='grc' dir='ltr'><strong><em>καιροῦ</em></strong></span> <span class='ocrx_word' id='word_1_19' title='bbox 740 521 791 588; x_wconf 79' lang='grc' dir='ltr'><strong>τίν</strong></span> <span class='ocrx_word' id='word_1_20' title='bbox 803 520 989 608; x_wconf 70' lang='grc' dir='ltr'><strong><em>πατριάρχην</em></strong></span> <span class='ocrx_word' id='word_1_21' title='bbox 1004 520 1161 607; x_wconf 55' lang='lat' dir='ltr'><strong>stamar</strong></span> <span class='ocrx_word' id='word_1_22' title='bbox 1175 521 1213 589; x_wconf 76' lang='lat' dir='ltr'><strong>roi</strong></span> <span class='ocrx_word' id='word_1_23' title='bbox 1226 528 1295 610; x_wconf 74' lang='grc' dir='ltr'><strong>τῇδε</strong></span> <span class='ocrx_word' id='word_1_24' title='bbox 1310 551 1370 603; x_wconf 76' lang='grc' dir='ltr'><strong>πα-</strong></span> 
     </span>
     <span class='ocr_line' id='line_1_4' title="bbox 272 605 1369 696; baseline -0.005 -17"><span class='ocrx_word' id='word_1_25' title='bbox 272 610 435 679; x_wconf 65' lang='lat' dir='ltr'><strong>sunnine</strong></span> <span class='ocrx_word' id='word_1_26' title='bbox 452 610 531 696; x_wconf 70' lang='grc' dir='ltr'><strong><em>πρός</em></strong></span> <span class='ocrx_word' id='word_1_27' title='bbox 550 636 605 688; x_wconf 79' lang='grc' dir='ltr'><strong>τας</strong></span> <span class='ocrx_word' id='word_1_28' title='bbox 622 615 712 686; x_wconf 77' lang='grc' dir='ltr'><strong><em>θείας</em></strong></span> <span class='ocrx_word' id='word_1_29' title='bbox 726 605 841 692; x_wconf 62' lang='lat' dir='ltr'><strong>inape·</strong></span> <span class='ocrx_word' id='word_1_30' title='bbox 852 606 985 691; x_wconf 73' lang='grc' dir='ltr'><strong>σκηνάς,</strong></span> <span class='ocrx_word' id='word_1_31' title='bbox 1005 613 1104 685; x_wconf 71' lang='grc' dir='ltr'><strong><em>καλῶς</em></strong></span> <span class='ocrx_word' id='word_1_32' title='bbox 1119 609 1173 673; x_wconf 76' lang='grc' dir='ltr'><strong>ναὶ</strong></span> <span class='ocrx_word' id='word_1_33' title='bbox 1187 608 1277 686; x_wconf 73' lang='lat' dir='ltr'><strong>intur</strong></span> <span class='ocrx_word' id='word_1_34' title='bbox 1291 606 1369 692; x_wconf 76' lang='grc' dir='ltr'>βιό-</span> 
     </span>
     <span class='ocr_line' id='line_1_5' title="bbox 273 691 1368 779; baseline -0.007 -16"><span class='ocrx_word' id='word_1_35' title='bbox 273 719 366 763; x_wconf 77' lang='lat' dir='ltr'><strong>norw</strong></span> <span class='ocrx_word' id='word_1_36' title='bbox 378 698 429 762; x_wconf 80' lang='grc' dir='ltr'><strong>καί</strong></span> <span class='ocrx_word' id='word_1_37' title='bbox 443 702 542 773; x_wconf 70' lang='grc' dir='ltr'><strong><em>καλῶς</em></strong></span> <span class='ocrx_word' id='word_1_38' title='bbox 552 695 610 779; x_wconf 73' lang='grc' dir='ltr'><strong>τήν</strong></span> <span class='ocrx_word' id='word_1_39' title='bbox 622 693 718 761; x_wconf 68' lang='grc' dir='ltr'><strong><em>αὐτοῦ</em></strong></span> <span class='ocrx_word' id='word_1_40' title='bbox 728 691 915 777; x_wconf 67' lang='lat' dir='ltr'><strong>nominasses</strong></span> <span class='ocrx_word' id='word_1_41' title='bbox 924 696 1065 775; x_wconf 78' lang='grc' dir='ltr'><strong><em>ποίμνην.</em></strong></span> <span class='ocrx_word' id='word_1_42' title='bbox 1107 697 1151 755; x_wconf 88' lang='lat' dir='ltr'><strong>sie</strong></span> <span class='ocrx_word' id='word_1_43' title='bbox 1162 694 1271 775; x_wconf 73' lang='lat' dir='ltr'><strong>Aorop.</strong></span> <span class='ocrx_word' id='word_1_44' title='bbox 1284 717 1314 776; x_wconf 86' lang='lat' dir='ltr'><strong>p.</strong></span> <span class='ocrx_word' id='word_1_45' title='bbox 1325 702 1368 763; x_wconf 79' lang='grc'><strong>89</strong></span> 
     </span>
     <span class='ocr_line' id='line_1_6' title="bbox 272 779 1368 864; baseline -0.001 -20"><span class='ocrx_word' id='word_1_46' title='bbox 272 783 348 845; x_wconf 86' lang='lat' dir='ltr'><strong>Hist</strong></span> <span class='ocrx_word' id='word_1_47' title='bbox 390 793 426 844; x_wconf 92' lang='lat' dir='ltr'><strong>ut</strong></span> <span class='ocrx_word' id='word_1_48' title='bbox 447 782 530 843; x_wconf 86' lang='lat' dir='ltr'><strong>bunc</strong></span> <span class='ocrx_word' id='word_1_49' title='bbox 548 783 649 864; x_wconf 87' lang='lat' dir='ltr'><strong>potius</strong></span> <span class='ocrx_word' id='word_1_50' title='bbox 668 781 793 842; x_wconf 87' lang='lat' dir='ltr'><strong>indicari</strong></span> <span class='ocrx_word' id='word_1_51' title='bbox 809 781 859 841; x_wconf 83' lang='lat' dir='ltr'><strong>hie</strong></span> <span class='ocrx_word' id='word_1_52' title='bbox 869 792 989 860; x_wconf 86' lang='lat' dir='ltr'><strong>putem,</strong></span> <span class='ocrx_word' id='word_1_53' title='bbox 1010 779 1117 841; x_wconf 86' lang='lat' dir='ltr'><strong>suadet</strong></span> <span class='ocrx_word' id='word_1_54' title='bbox 1129 800 1193 842; x_wconf 84' lang='lat' dir='ltr'><strong>vox</strong></span> <span class='ocrx_word' id='word_1_55' title='bbox 1204 782 1368 863; x_wconf 65' lang='grc' dir='ltr'><strong><em>μακαρίτης</em></strong></span> 
     </span>
     <span class='ocr_line' id='line_1_7' title="bbox 273 866 1367 947; baseline -0.004 -18"><span class='ocrx_word' id='word_1_56' title='bbox 273 870 392 931; x_wconf 86' lang='lat' dir='ltr'><strong>civilem</strong></span> <span class='ocrx_word' id='word_1_57' title='bbox 407 868 498 947; x_wconf 85' lang='lat' dir='ltr'><strong>magis</strong></span> <span class='ocrx_word' id='word_1_58' title='bbox 510 869 595 947; x_wconf 87' lang='lat' dir='ltr'><strong>qussi</strong></span> <span class='ocrx_word' id='word_1_59' title='bbox 610 867 782 947; x_wconf 84' lang='lat' dir='ltr'><strong>quemdam,</strong></span> <span class='ocrx_word' id='word_1_60' title='bbox 804 884 842 925; x_wconf 88' lang='lat' dir='ltr'><strong>ex</strong></span> <span class='ocrx_word' id='word_1_61' title='bbox 856 885 916 927; x_wconf 88' lang='lat' dir='ltr'><strong>usu</strong></span> <span class='ocrx_word' id='word_1_62' title='bbox 929 866 1126 941; x_wconf 87' lang='lat' dir='ltr'><strong>Grseoornm,</strong></span> <span class='ocrx_word' id='word_1_63' title='bbox 1146 885 1236 944; x_wconf 88' lang='lat' dir='ltr'><strong>quam</strong></span> <span class='ocrx_word' id='word_1_64' title='bbox 1250 867 1367 947; x_wconf 76' lang='lat' dir='ltr'><strong>religio-</strong></span> 
     </span>
     <span class='ocr_line' id='line_1_8' title="bbox 273 949 1497 1032; baseline -0.008 -18"><span class='ocrx_word' id='word_1_65' title='bbox 273 975 355 1030; x_wconf 83' lang='lat' dir='ltr'><strong>sum,</strong></span> <span class='ocrx_word' id='word_1_66' title='bbox 377 954 473 1032; x_wconf 72' lang='lat' dir='ltr'><strong>qualis</strong></span> <span class='ocrx_word' id='word_1_67' title='bbox 486 953 596 1013; x_wconf 84' lang='lat' dir='ltr'><strong>sanctis</strong></span> <span class='ocrx_word' id='word_1_68' title='bbox 610 953 647 1012; x_wconf 92' lang='lat' dir='ltr'><strong>ab</strong></span> <span class='ocrx_word' id='word_1_69' title='bbox 662 952 782 1013; x_wconf 83' lang='lat' dir='ltr'><strong>ecelesia</strong></span> <span class='ocrx_word' id='word_1_70' title='bbox 797 951 951 1011; x_wconf 76' lang='lat' dir='ltr'><strong>declaratis</strong></span> <span class='ocrx_word' id='word_1_71' title='bbox 964 951 1105 1027; x_wconf 86' lang='lat' dir='ltr'><strong>debetur,</strong></span> <span class='ocrx_word' id='word_1_72' title='bbox 1125 949 1270 1011; x_wconf 78' lang='lat' dir='ltr'>honorem</span> <span class='ocrx_word' id='word_1_73' title='bbox 1287 952 1368 1011; x_wconf 70' lang='lat' dir='ltr'><strong>den-</strong></span> <span class='ocrx_word' id='word_1_74' title='bbox 1496 1001 1497 1004; x_wconf 74' lang='grc'>,</span> 
     </span>
     <span class='ocr_line' id='line_1_9' title="bbox 170 1036 1367 1120; baseline -0.001 -22"><span class='ocrx_word' id='word_1_75' title='bbox 170 1057 261 1116; x_wconf 71' lang='grc' dir='ltr'><strong><em>ρρρρ</em></strong></span> <span class='ocrx_word' id='word_1_76' title='bbox 276 1059 383 1120; x_wconf 82' lang='lat' dir='ltr'><strong>gnans,</strong></span> <span class='ocrx_word' id='word_1_77' title='bbox 410 1047 564 1118; x_wconf 80' lang='lat' dir='ltr'><strong>praeterea</strong></span> <span class='ocrx_word' id='word_1_78' title='bbox 580 1038 774 1099; x_wconf 84' lang='lat' dir='ltr'><strong>recentiorem</strong></span> <span class='ocrx_word' id='word_1_79' title='bbox 792 1036 943 1115; x_wconf 84' lang='lat' dir='ltr'><strong>quandam</strong></span> <span class='ocrx_word' id='word_1_80' title='bbox 965 1036 1176 1097; x_wconf 71' lang='lat' dir='ltr'><strong>destructorum</strong></span> <span class='ocrx_word' id='word_1_81' title='bbox 1195 1038 1367 1097; x_wconf 78' lang='lat' dir='ltr'><strong>memoriam</strong></span> 
     </span>
     <span class='ocr_line' id='line_1_10' title="bbox 273 1122 1366 1202; baseline -0.004 -16"><span class='ocrx_word' id='word_1_82' title='bbox 273 1124 419 1186; x_wconf 84' lang='lat' dir='ltr'><strong>indicans.</strong></span> <span class='ocrx_word' id='word_1_83' title='bbox 461 1143 523 1185; x_wconf 90' lang='lat' dir='ltr'><strong>non</strong></span> <span class='ocrx_word' id='word_1_84' title='bbox 543 1124 622 1184; x_wconf 87' lang='lat' dir='ltr'><strong>enim</strong></span> <span class='ocrx_word' id='word_1_85' title='bbox 641 1123 692 1202; x_wconf 88' lang='lat' dir='ltr'><strong>qui</strong></span> <span class='ocrx_word' id='word_1_86' title='bbox 714 1130 783 1181; x_wconf 83' lang='lat' dir='ltr'><strong>ante</strong></span> <span class='ocrx_word' id='word_1_87' title='bbox 805 1122 899 1183; x_wconf 87' lang='lat' dir='ltr'><strong>mults</strong></span> <span class='ocrx_word' id='word_1_88' title='bbox 920 1123 1037 1182; x_wconf 83' lang='lat' dir='ltr'><strong>saecula</strong></span> <span class='ocrx_word' id='word_1_89' title='bbox 1056 1129 1129 1181; x_wconf 85' lang='lat' dir='ltr'><strong>sunt</strong></span> <span class='ocrx_word' id='word_1_90' title='bbox 1147 1122 1275 1198; x_wconf 83' lang='lat' dir='ltr'><strong>mortui,</strong></span> <span class='ocrx_word' id='word_1_91' title='bbox 1296 1142 1366 1182; x_wconf 83' lang='lat' dir='ltr'><strong>oum</strong></span> 
     </span>
     <span class='ocr_line' id='line_1_11' title="bbox 274 1200 1365 1291; baseline -0.005 -18"><span class='ocrx_word' id='word_1_92' title='bbox 274 1209 485 1285; x_wconf 74' lang='lat' dir='ltr'><strong>nominantur,</strong></span> <span class='ocrx_word' id='word_1_93' title='bbox 514 1212 673 1291; x_wconf 81' lang='grc' dir='ltr'><strong><em>μακαρῖτατ</em></strong></span> <span class='ocrx_word' id='word_1_94' title='bbox 696 1207 753 1266; x_wconf 82' lang='lat' dir='ltr'><strong>diei</strong></span> <span class='ocrx_word' id='word_1_95' title='bbox 775 1207 884 1283; x_wconf 90' lang='lat' dir='ltr'><strong>solent,</strong></span> <span class='ocrx_word' id='word_1_96' title='bbox 906 1205 959 1265; x_wconf 87' lang='lat' dir='ltr'><strong>sed</strong></span> <span class='ocrx_word' id='word_1_97' title='bbox 979 1208 1011 1270; x_wconf 84' lang='grc' dir='ltr'><strong>οἱ</strong></span> <span class='ocrx_word' id='word_1_98' title='bbox 1030 1201 1210 1289; x_wconf 63' lang='grc' dir='ltr'><strong><em>προσφάτως</em></strong></span> <span class='ocrx_word' id='word_1_99' title='bbox 1225 1200 1365 1288; x_wconf 70' lang='grc' dir='ltr'><strong>τελευτή-</strong></span> 
     </span>
     <span class='ocr_line' id='line_1_12' title="bbox 272 1290 1362 1456; baseline -0.006 -15"><span class='ocrx_word' id='word_1_100' title='bbox 272 1290 1362 1456; x_wconf 41' lang='lat' dir='ltr'><strong>frixerit,ligii:tilfflgaiffinliafflircxovrievrisntquassicossfflodffebdeffi</strong></span> 
     </span>
     <span class='ocr_line' id='line_1_13' title="bbox 943 1421 952 1452; baseline 0 0"><span class='ocrx_word' id='word_1_101' title='bbox 943 1421 952 1452; x_wconf 74' lang='lat' dir='ltr'><strong>i</strong></span> 
     </span>
     <span class='ocr_line' id='line_1_14' title="bbox 274 1460 1364 1542; baseline -0.004 -17"><span class='ocrx_word' id='word_1_102' title='bbox 274 1484 343 1525; x_wconf 88' lang='lat' dir='ltr'><strong>cum</strong></span> <span class='ocrx_word' id='word_1_103' title='bbox 356 1462 416 1521; x_wconf 88' lang='lat' dir='ltr'><strong>hoe</strong></span> <span class='ocrx_word' id='word_1_104' title='bbox 428 1464 575 1524; x_wconf 78' lang='lat' dir='ltr'><strong>Germano</strong></span> <span class='ocrx_word' id='word_1_105' title='bbox 589 1463 709 1524; x_wconf 84' lang='lat' dir='ltr'><strong>vixerat</strong></span> <span class='ocrx_word' id='word_1_106' title='bbox 720 1472 852 1542; x_wconf 89' lang='lat' dir='ltr'><strong>tempore</strong></span> <span class='ocrx_word' id='word_1_107' title='bbox 866 1471 897 1522; x_wconf 90' lang='lat' dir='ltr'><strong>et</strong></span> <span class='ocrx_word' id='word_1_108' title='bbox 912 1471 982 1522; x_wconf 89' lang='lat' dir='ltr'><strong>ante</strong></span> <span class='ocrx_word' id='word_1_109' title='bbox 996 1462 1096 1522; x_wconf 81' lang='lat' dir='ltr'><strong>virum</strong></span> <span class='ocrx_word' id='word_1_110' title='bbox 1109 1460 1281 1538; x_wconf 80' lang='lat' dir='ltr'><strong>deoesserst,</strong></span> <span class='ocrx_word' id='word_1_111' title='bbox 1302 1486 1364 1542; x_wconf 78' lang='grc' dir='ltr'><strong>ρο-</strong></span> 
     </span>
     <span class='ocr_line' id='line_1_15' title="bbox 272 1543 1364 1630; baseline -0.005 -17"><span class='ocrx_word' id='word_1_112' title='bbox 272 1550 412 1630; x_wconf 64' lang='lat' dir='ltr'><strong>septena</strong></span> <span class='ocrx_word' id='word_1_113' title='bbox 428 1557 526 1608; x_wconf 72' lang='lat' dir='ltr'><strong>voest„</strong></span> <span class='ocrx_word' id='word_1_114' title='bbox 568 1548 651 1609; x_wconf 89' lang='lat' dir='ltr'><strong>nullo</strong></span> <span class='ocrx_word' id='word_1_115' title='bbox 670 1547 761 1627; x_wconf 78' lang='lat' dir='ltr'><strong>igitur</strong></span> <span class='ocrx_word' id='word_1_116' title='bbox 783 1546 872 1607; x_wconf 87' lang='lat' dir='ltr'><strong>modo</strong></span> <span class='ocrx_word' id='word_1_117' title='bbox 893 1547 953 1626; x_wconf 81' lang='lat' dir='ltr'><strong>agit</strong></span> <span class='ocrx_word' id='word_1_118' title='bbox 966 1543 1026 1606; x_wconf 86' lang='lat' dir='ltr'><strong>hoo</strong></span> <span class='ocrx_word' id='word_1_119' title='bbox 1039 1548 1106 1607; x_wconf 85' lang='lat' dir='ltr'><strong>loeo</strong></span> <span class='ocrx_word' id='word_1_120' title='bbox 1118 1545 1310 1627; x_wconf 83' lang='lat' dir='ltr'><strong>Paebymeres</strong></span> <span class='ocrx_word' id='word_1_121' title='bbox 1326 1544 1364 1607; x_wconf 82' lang='lat' dir='ltr'><strong>(le</strong></span> 
     </span>
     <span class='ocr_line' id='line_1_16' title="bbox 273 1631 1363 1713; baseline -0.002 -19"><span class='ocrx_word' id='word_1_122' title='bbox 273 1643 379 1695; x_wconf 84' lang='lat' dir='ltr'><strong>saneto</strong></span> <span class='ocrx_word' id='word_1_123' title='bbox 399 1632 547 1693; x_wconf 86' lang='lat' dir='ltr'><strong>Germano</strong></span> <span class='ocrx_word' id='word_1_124' title='bbox 564 1631 732 1713; x_wconf 85' lang='lat' dir='ltr'><strong>patriarcha</strong></span> <span class='ocrx_word' id='word_1_125' title='bbox 750 1632 802 1692; x_wconf 94' lang='lat' dir='ltr'><strong>illo</strong></span> <span class='ocrx_word' id='word_1_126' title='bbox 816 1631 1030 1708; x_wconf 83' lang='lat' dir='ltr'><strong>vetustisrimo,</strong></span> <span class='ocrx_word' id='word_1_127' title='bbox 1051 1633 1177 1711; x_wconf 86' lang='lat' dir='ltr'><strong>quamsi</strong></span> <span class='ocrx_word' id='word_1_128' title='bbox 1190 1635 1363 1709; x_wconf 86' lang='lat' dir='ltr'><strong>nominaret,</strong></span> 
     </span>
     <span class='ocr_line' id='line_1_17' title="bbox 272 1712 1363 1802; baseline -0.002 -22"><span class='ocrx_word' id='word_1_129' title='bbox 272 1740 338 1780; x_wconf 90' lang='lat' dir='ltr'><strong>non</strong></span> <span class='ocrx_word' id='word_1_130' title='bbox 352 1720 518 1802; x_wconf 79' lang='grc' dir='ltr'><strong><em>μακαρίτην</em></strong></span> <span class='ocrx_word' id='word_1_131' title='bbox 530 1717 583 1777; x_wconf 84' lang='lat' dir='ltr'><strong>sed</strong></span> <span class='ocrx_word' id='word_1_132' title='bbox 596 1712 744 1799; x_wconf 74' lang='grc' dir='ltr'><strong><em>μακάριον</em></strong></span> <span class='ocrx_word' id='word_1_133' title='bbox 756 1718 882 1794; x_wconf 80' lang='lat' dir='ltr'><strong>diceret,</strong></span> <span class='ocrx_word' id='word_1_134' title='bbox 902 1734 1008 1778; x_wconf 82' lang='lat' dir='ltr'><strong>verum</strong></span> <span class='ocrx_word' id='word_1_135' title='bbox 1022 1716 1059 1775; x_wconf 89' lang='lat' dir='ltr'><strong>de</strong></span> <span class='ocrx_word' id='word_1_136' title='bbox 1071 1717 1129 1777; x_wconf 90' lang='lat' dir='ltr'><strong>isto</strong></span> <span class='ocrx_word' id='word_1_137' title='bbox 1143 1717 1238 1777; x_wconf 88' lang='lat' dir='ltr'><strong>altero</strong></span> <span class='ocrx_word' id='word_1_138' title='bbox 1251 1718 1302 1797; x_wconf 89' lang='lat' dir='ltr'><strong>qui</strong></span> <span class='ocrx_word' id='word_1_139' title='bbox 1315 1717 1363 1778; x_wconf 78' lang='lat' dir='ltr'><strong>ri·</strong></span> 
     </span>
     <span class='ocr_line' id='line_1_18' title="bbox 272 1801 1363 1885; baseline -0.001 -21"><span class='ocrx_word' id='word_1_140' title='bbox 272 1804 345 1885; x_wconf 82' lang='lat' dir='ltr'><strong>ginti</strong></span> <span class='ocrx_word' id='word_1_141' title='bbox 363 1804 478 1864; x_wconf 86' lang='lat' dir='ltr'><strong>eiroiter</strong></span> <span class='ocrx_word' id='word_1_142' title='bbox 497 1802 581 1864; x_wconf 85' lang='lat' dir='ltr'><strong>annis</strong></span> <span class='ocrx_word' id='word_1_143' title='bbox 594 1804 679 1885; x_wconf 90' lang='lat' dir='ltr'><strong>prius</strong></span> <span class='ocrx_word' id='word_1_144' title='bbox 694 1801 855 1863; x_wconf 87' lang='lat' dir='ltr'><strong>deooaserat</strong></span> <span class='ocrx_word' id='word_1_145' title='bbox 873 1803 1045 1863; x_wconf 85' lang='lat' dir='ltr'><strong>memoriam</strong></span> <span class='ocrx_word' id='word_1_146' title='bbox 1057 1803 1104 1862; x_wconf 88' lang='lat' dir='ltr'><strong>sui</strong></span> <span class='ocrx_word' id='word_1_147' title='bbox 1116 1802 1297 1863; x_wconf 73' lang='lat' dir='ltr'><strong>laudabilem</strong></span> <span class='ocrx_word' id='word_1_148' title='bbox 1311 1822 1363 1863; x_wconf 86' lang='lat' dir='ltr'><strong>re-</strong></span> 
     </span>
     <span class='ocr_line' id='line_1_19' title="bbox 269 1889 417 1951; baseline -0.014 0"><span class='ocrx_word' id='word_1_149' title='bbox 269 1889 314 1951; x_wconf 89' lang='lat' dir='ltr'><strong>lin</strong></span> <span class='ocrx_word' id='word_1_150' title='bbox 334 1907 417 1949; x_wconf 87' lang='lat' dir='ltr'><strong>uens.</strong></span> 
     </span>
    </p>

    <p class='ocr_par' dir='ltr' id='par_1_3' title="bbox 261 1910 1381 4015">
     <span class='ocr_line' id='line_1_20' title="bbox 316 1910 1364 2054; baseline -0.001 -19"><span class='ocrx_word' id='word_1_151' title='bbox 316 1910 335 1969; x_wconf 69' lang='lat' dir='ltr'><strong>q</strong></span> <span class='ocrx_word' id='word_1_152' title='bbox 357 1968 667 2054; x_wconf 73' lang='grc' dir='ltr'><strong>μαμοὶπονθος*)</strong></span> <span class='ocrx_word' id='word_1_153' title='bbox 687 1992 717 2054; x_wconf 87' lang='lat' dir='ltr'><strong>p.</strong></span> <span class='ocrx_word' id='word_1_154' title='bbox 730 1974 793 2037; x_wconf 84' lang='grc'><strong>869</strong></span> <span class='ocrx_word' id='word_1_155' title='bbox 807 1989 838 2031; x_wconf 82' lang='lat' dir='ltr'><strong>v.</strong></span> <span class='ocrx_word' id='word_1_156' title='bbox 855 1976 883 2037; x_wconf 84' lang='lat'><strong>1.</strong></span> <span class='ocrx_word' id='word_1_157' title='bbox 924 1971 1080 2053; x_wconf 82' lang='lat' dir='ltr'><strong>vituperat</strong></span> <span class='ocrx_word' id='word_1_158' title='bbox 1098 1972 1150 2034; x_wconf 87' lang='lat' dir='ltr'><strong>bio</strong></span> <span class='ocrx_word' id='word_1_159' title='bbox 1169 1972 1364 2054; x_wconf 79' lang='lat' dir='ltr'><strong>Pschymeres</strong></span> 
     </span>
     <span class='ocr_line' id='line_1_21' title="bbox 270 2055 1363 2139; baseline 0.002 -23"><span class='ocrx_word' id='word_1_160' title='bbox 270 2058 474 2139; x_wconf 72' lang='lat' dir='ltr'><strong>patriarcham</strong></span> <span class='ocrx_word' id='word_1_161' title='bbox 494 2065 526 2117; x_wconf 88' lang='lat' dir='ltr'><strong>et</strong></span> <span class='ocrx_word' id='word_1_162' title='bbox 547 2057 711 2133; x_wconf 69' lang='lat' dir='ltr'><strong>antistites,</strong></span> <span class='ocrx_word' id='word_1_163' title='bbox 733 2055 785 2135; x_wconf 89' lang='lat' dir='ltr'><strong>qni</strong></span> <span class='ocrx_word' id='word_1_164' title='bbox 801 2055 827 2115; x_wconf 90' lang='lat' dir='ltr'><strong>ei</strong></span> <span class='ocrx_word' id='word_1_165' title='bbox 843 2056 984 2134; x_wconf 84' lang='lat' dir='ltr'><strong>aderant,</strong></span> <span class='ocrx_word' id='word_1_166' title='bbox 1005 2057 1089 2138; x_wconf 80' lang='lat' dir='ltr'><strong>qnod</strong></span> <span class='ocrx_word' id='word_1_167' title='bbox 1105 2080 1167 2119; x_wconf 90' lang='lat' dir='ltr'><strong>non</strong></span> <span class='ocrx_word' id='word_1_168' title='bbox 1179 2059 1289 2120; x_wconf 85' lang='lat' dir='ltr'><strong>aeriter</strong></span> <span class='ocrx_word' id='word_1_169' title='bbox 1307 2058 1363 2119; x_wconf 92' lang='lat' dir='ltr'><strong>ob-</strong></span> 
     </span>
     <span class='ocr_line' id='line_1_22' title="bbox 269 2142 1364 2224; baseline 0.004 -22"><span class='ocrx_word' id='word_1_170' title='bbox 269 2143 404 2204; x_wconf 84' lang='lat' dir='ltr'><strong>stiterint</strong></span> <span class='ocrx_word' id='word_1_171' title='bbox 415 2142 527 2224; x_wconf 84' lang='lat' dir='ltr'><strong>primas</strong></span> <span class='ocrx_word' id='word_1_172' title='bbox 542 2142 737 2224; x_wconf 74' lang='lat' dir='ltr'><strong>propositioni</strong></span> <span class='ocrx_word' id='word_1_173' title='bbox 746 2142 992 2202; x_wconf 80' lang='lat' dir='ltr'><strong>reconnlistionis</strong></span> <span class='ocrx_word' id='word_1_174' title='bbox 1005 2144 1142 2204; x_wconf 79' lang='lat' dir='ltr'><strong>ecelesiae</strong></span> <span class='ocrx_word' id='word_1_175' title='bbox 1155 2145 1286 2207; x_wconf 85' lang='lat' dir='ltr'><strong>Graecae</strong></span> <span class='ocrx_word' id='word_1_176' title='bbox 1295 2165 1364 2206; x_wconf 86' lang='lat' dir='ltr'><strong>oum</strong></span> 
     </span>
     <span class='ocr_line' id='line_1_23' title="bbox 267 2226 1363 2303; baseline 0.004 -16"><span class='ocrx_word' id='word_1_177' title='bbox 267 2226 389 2303; x_wconf 80' lang='lat' dir='ltr'><strong>Latina,</strong></span> <span class='ocrx_word' id='word_1_178' title='bbox 410 2227 453 2287; x_wconf 85' lang='lat' dir='ltr'><strong>sic</strong></span> <span class='ocrx_word' id='word_1_179' title='bbox 471 2246 559 2288; x_wconf 89' lang='lat' dir='ltr'><strong>annm</strong></span> <span class='ocrx_word' id='word_1_180' title='bbox 577 2229 708 2288; x_wconf 86' lang='lat' dir='ltr'><strong>animum</strong></span> <span class='ocrx_word' id='word_1_181' title='bbox 726 2227 884 2288; x_wconf 87' lang='lat' dir='ltr'><strong>ostendens</strong></span> <span class='ocrx_word' id='word_1_182' title='bbox 897 2226 1048 2288; x_wconf 85' lang='lat' dir='ltr'><strong>schismati</strong></span> <span class='ocrx_word' id='word_1_183' title='bbox 1061 2229 1216 2292; x_wconf 86' lang='lat' dir='ltr'><strong>addictum</strong></span> <span class='ocrx_word' id='word_1_184' title='bbox 1231 2240 1263 2290; x_wconf 87' lang='lat' dir='ltr'><strong>et</strong></span> <span class='ocrx_word' id='word_1_185' title='bbox 1273 2250 1363 2291; x_wconf 82' lang='lat' dir='ltr'><strong>aver-</strong></span> 
     </span>
     <span class='ocr_line' id='line_1_24' title="bbox 268 2312 1363 2397; baseline 0.005 -26"><span class='ocrx_word' id='word_1_186' title='bbox 268 2332 336 2372; x_wconf 87' lang='lat' dir='ltr'><strong>sum</strong></span> <span class='ocrx_word' id='word_1_187' title='bbox 349 2333 366 2370; x_wconf 88' lang='lat' dir='ltr'><strong>a</strong></span> <span class='ocrx_word' id='word_1_188' title='bbox 380 2331 466 2393; x_wconf 88' lang='lat' dir='ltr'><strong>paoe,</strong></span> <span class='ocrx_word' id='word_1_189' title='bbox 488 2321 651 2392; x_wconf 84' lang='lat' dir='ltr'><strong>utcumque</strong></span> <span class='ocrx_word' id='word_1_190' title='bbox 664 2312 746 2374; x_wconf 84' lang='lat' dir='ltr'><strong>aliud</strong></span> <span class='ocrx_word' id='word_1_191' title='bbox 757 2312 915 2391; x_wconf 84' lang='lat' dir='ltr'><strong>aliquando</strong></span> <span class='ocrx_word' id='word_1_192' title='bbox 927 2313 1117 2375; x_wconf 74' lang='lat' dir='ltr'><strong>simulaverit</strong></span> <span class='ocrx_word' id='word_1_193' title='bbox 1141 2312 1363 2397; x_wconf 73' lang='grc' dir='ltr'><strong><em>μοματούθοος</em></strong></span> 
     </span>
     <span class='ocr_line' id='line_1_25' title="bbox 268 2396 1359 2478; baseline 0.005 -25"><span class='ocrx_word' id='word_1_194' title='bbox 268 2404 368 2456; x_wconf 90' lang='lat' dir='ltr'><strong>autem</strong></span> <span class='ocrx_word' id='word_1_195' title='bbox 389 2397 518 2455; x_wconf 86' lang='lat' dir='ltr'><strong>Graecos</strong></span> <span class='ocrx_word' id='word_1_196' title='bbox 536 2396 602 2456; x_wconf 87' lang='lat' dir='ltr'><strong>illos</strong></span> <span class='ocrx_word' id='word_1_197' title='bbox 623 2396 772 2478; x_wconf 74' lang='lat' dir='ltr'><strong>praesulta</strong></span> <span class='ocrx_word' id='word_1_198' title='bbox 790 2407 899 2473; x_wconf 78' lang='lat' dir='ltr'><strong>vocat,</strong></span> <span class='ocrx_word' id='word_1_199' title='bbox 927 2398 1069 2459; x_wconf 86' lang='lat' dir='ltr'><strong>stultitiae</strong></span> <span class='ocrx_word' id='word_1_200' title='bbox 1087 2398 1150 2458; x_wconf 88' lang='lat' dir='ltr'><strong>illos</strong></span> <span class='ocrx_word' id='word_1_201' title='bbox 1174 2400 1359 2475; x_wconf 87' lang='lat' dir='ltr'><strong>insimulans,</strong></span> 
     </span>
     <span class='ocr_line' id='line_1_26' title="bbox 267 2477 1357 2563; baseline 0.005 -23"><span class='ocrx_word' id='word_1_202' title='bbox 267 2488 305 2540; x_wconf 85' lang='lat' dir='ltr'><strong>nt</strong></span> <span class='ocrx_word' id='word_1_203' title='bbox 329 2479 473 2557; x_wconf 83' lang='lat' dir='ltr'><strong>ostendit,</strong></span> <span class='ocrx_word' id='word_1_204' title='bbox 501 2480 585 2558; x_wconf 84' lang='lat' dir='ltr'><strong>quod</strong></span> <span class='ocrx_word' id='word_1_205' title='bbox 602 2498 675 2541; x_wconf 88' lang='lat' dir='ltr'><strong>mox</strong></span> <span class='ocrx_word' id='word_1_206' title='bbox 693 2481 829 2561; x_wconf 73' lang='lat' dir='ltr'><strong>adiungit</strong></span> <span class='ocrx_word' id='word_1_207' title='bbox 847 2482 931 2563; x_wconf 89' lang='lat' dir='ltr'><strong>quasi</strong></span> <span class='ocrx_word' id='word_1_208' title='bbox 950 2483 1113 2544; x_wconf 81' lang='lat' dir='ltr'><strong>deelsrsndi</strong></span> <span class='ocrx_word' id='word_1_209' title='bbox 1130 2483 1241 2562; x_wconf 79' lang='lat' dir='ltr'><strong>gratia,</strong></span> <span class='ocrx_word' id='word_1_210' title='bbox 1263 2477 1357 2545; x_wconf 73' lang='lat' dir='ltr'><strong>sivos-</strong></span> 
     </span>
     <span class='ocr_line' id='line_1_27' title="bbox 267 2560 1352 2668; baseline -0.003 -40"><span class='ocrx_word' id='word_1_211' title='bbox 267 2560 390 2644; x_wconf 74' lang='grc' dir='ltr'><strong><em>οθήτας</em></strong></span> <span class='ocrx_word' id='word_1_212' title='bbox 408 2568 469 2628; x_wconf 75' lang='grc' dir='ltr'><strong><em>τοῖν</em></strong></span> <span class='ocrx_word' id='word_1_213' title='bbox 488 2565 699 2646; x_wconf 66' lang='grc' dir='ltr'><strong>πραττομένων</strong></span> <span class='ocrx_word' id='word_1_214' title='bbox 723 2565 846 2647; x_wconf 74' lang='grc' dir='ltr'><strong><em>ίχοντες.</em></strong></span> <span class='ocrx_word' id='word_1_215' title='bbox 885 2568 919 2628; x_wconf 85' lang='lat' dir='ltr'><strong>id</strong></span> <span class='ocrx_word' id='word_1_216' title='bbox 940 2588 1030 2668; x_wconf 85' lang='lat' dir='ltr'><strong>porro</strong></span> <span class='ocrx_word' id='word_1_217' title='bbox 1050 2567 1182 2627; x_wconf 83' lang='lat' dir='ltr'><strong>voosbuli</strong></span> <span class='ocrx_word' id='word_1_218' title='bbox 1195 2575 1352 2626; x_wconf 76' lang='lat' dir='ltr'><strong>mutuetus</strong></span> 
     </span>
     <span class='ocr_line' id='line_1_28' title="bbox 264 2649 1352 2735; baseline 0.001 -25"><span class='ocrx_word' id='word_1_219' title='bbox 264 2649 389 2710; x_wconf 80' lang='lat' dir='ltr'><strong>videtur</strong></span> <span class='ocrx_word' id='word_1_220' title='bbox 410 2670 427 2708; x_wconf 88' lang='lat' dir='ltr'><strong>a</strong></span> <span class='ocrx_word' id='word_1_221' title='bbox 447 2668 502 2709; x_wconf 87' lang='lat' dir='ltr'><strong>suo</strong></span> <span class='ocrx_word' id='word_1_222' title='bbox 522 2649 685 2730; x_wconf 78' lang='lat' dir='ltr'><strong>Hesychio,</strong></span> <span class='ocrx_word' id='word_1_223' title='bbox 709 2669 797 2730; x_wconf 86' lang='lat' dir='ltr'><strong>quam</strong></span> <span class='ocrx_word' id='word_1_224' title='bbox 815 2650 924 2713; x_wconf 89' lang='lat' dir='ltr'><strong>librum</strong></span> <span class='ocrx_word' id='word_1_225' title='bbox 944 2654 1000 2735; x_wconf 80' lang='lat' dir='ltr'><strong>ipsi</strong></span> <span class='ocrx_word' id='word_1_226' title='bbox 1020 2653 1101 2713; x_wconf 79' lang='lat' dir='ltr'><strong>luisse</strong></span> <span class='ocrx_word' id='word_1_227' title='bbox 1120 2652 1290 2712; x_wconf 77' lang='lat' dir='ltr'><strong>familiarem</strong></span> <span class='ocrx_word' id='word_1_228' title='bbox 1309 2669 1352 2711; x_wconf 81' lang='lat' dir='ltr'><strong>ex</strong></span> 
     </span>
     <span class='ocr_line' id='line_1_29' title="bbox 265 2734 1352 2817; baseline 0.001 -22"><span class='ocrx_word' id='word_1_229' title='bbox 265 2734 331 2796; x_wconf 87' lang='lat' dir='ltr'><strong>aliis</strong></span> <span class='ocrx_word' id='word_1_230' title='bbox 353 2735 425 2795; x_wconf 84' lang='lat' dir='ltr'><strong>loeis</strong></span> <span class='ocrx_word' id='word_1_231' title='bbox 444 2735 640 2816; x_wconf 78' lang='lat' dir='ltr'><strong>intelligimus.</strong></span> <span class='ocrx_word' id='word_1_232' title='bbox 682 2737 714 2796; x_wconf 89' lang='lat' dir='ltr'><strong>in</strong></span> <span class='ocrx_word' id='word_1_233' title='bbox 729 2734 869 2816; x_wconf 82' lang='lat' dir='ltr'><strong>Hesycbii</strong></span> <span class='ocrx_word' id='word_1_234' title='bbox 881 2757 953 2799; x_wconf 81' lang='lat' dir='ltr'><strong>vero</strong></span> <span class='ocrx_word' id='word_1_235' title='bbox 968 2738 1063 2799; x_wconf 85' lang='lat' dir='ltr'><strong>lexico</strong></span> <span class='ocrx_word' id='word_1_236' title='bbox 1074 2736 1162 2798; x_wconf 82' lang='lat' dir='ltr'><strong>bodie</strong></span> <span class='ocrx_word' id='word_1_237' title='bbox 1172 2737 1277 2817; x_wconf 79' lang='lat' dir='ltr'><strong>legitur</strong></span> <span class='ocrx_word' id='word_1_238' title='bbox 1291 2760 1352 2817; x_wconf 80' lang='grc' dir='ltr'><strong>μα-</strong></span> 
     </span>
     <span class='ocr_line' id='line_1_30' title="bbox 266 2814 1355 2904; baseline -0.002 -21"><span class='ocrx_word' id='word_1_239' title='bbox 266 2815 408 2904; x_wconf 64' lang='lat' dir='ltr'><strong>prisoner</strong></span> <span class='ocrx_word' id='word_1_240' title='bbox 425 2814 534 2900; x_wconf 78' lang='grc' dir='ltr'><strong><em>μορός.</em></strong></span> <span class='ocrx_word' id='word_1_241' title='bbox 576 2840 682 2881; x_wconf 79' lang='lat' dir='ltr'><strong>vorum</strong></span> <span class='ocrx_word' id='word_1_242' title='bbox 703 2841 756 2902; x_wconf 82' lang='lat' dir='ltr'><strong>ego</strong></span> <span class='ocrx_word' id='word_1_243' title='bbox 774 2842 835 2882; x_wconf 90' lang='lat' dir='ltr'><strong>non</strong></span> <span class='ocrx_word' id='word_1_244' title='bbox 853 2822 960 2883; x_wconf 81' lang='lat' dir='ltr'><strong>dubito</strong></span> <span class='ocrx_word' id='word_1_245' title='bbox 976 2825 1048 2901; x_wconf 87' lang='lat' dir='ltr'><strong>quin</strong></span> <span class='ocrx_word' id='word_1_246' title='bbox 1060 2824 1090 2884; x_wconf 92' lang='lat' dir='ltr'><strong>in</strong></span> <span class='ocrx_word' id='word_1_247' title='bbox 1108 2844 1160 2883; x_wconf 92' lang='lat' dir='ltr'><strong>sno</strong></span> <span class='ocrx_word' id='word_1_248' title='bbox 1174 2822 1286 2884; x_wconf 82' lang='lat' dir='ltr'><strong>meliori</strong></span> <span class='ocrx_word' id='word_1_249' title='bbox 1296 2841 1355 2881; x_wconf 86' lang='lat' dir='ltr'><strong>ex-</strong></span> 
     </span>
     <span class='ocr_line' id='line_1_31' title="bbox 265 2901 1356 2990; baseline 0.003 -25"><span class='ocrx_word' id='word_1_250' title='bbox 265 2906 390 2988; x_wconf 82' lang='lat' dir='ltr'><strong>emplari</strong></span> <span class='ocrx_word' id='word_1_251' title='bbox 412 2905 604 2986; x_wconf 82' lang='lat' dir='ltr'><strong>Pachymeres</strong></span> <span class='ocrx_word' id='word_1_252' title='bbox 623 2907 729 2987; x_wconf 83' lang='lat' dir='ltr'><strong>legerit</strong></span> <span class='ocrx_word' id='word_1_253' title='bbox 745 2904 959 2989; x_wconf 77' lang='grc' dir='ltr'><strong><em>μαρᾶνονθοςτ</em></strong></span> <span class='ocrx_word' id='word_1_254' title='bbox 979 2909 1062 2969; x_wconf 86' lang='lat' dir='ltr'><strong>unde</strong></span> <span class='ocrx_word' id='word_1_255' title='bbox 1080 2907 1132 2970; x_wconf 85' lang='lat' dir='ltr'><strong>hic</strong></span> <span class='ocrx_word' id='word_1_256' title='bbox 1142 2909 1238 2990; x_wconf 90' lang='lat' dir='ltr'><strong>posuit</strong></span> <span class='ocrx_word' id='word_1_257' title='bbox 1252 2901 1356 2990; x_wconf 78' lang='grc' dir='ltr'><strong><em>μοροῖ-</em></strong></span> 
     </span>
     <span class='ocr_line' id='line_1_32' title="bbox 264 2990 1358 3076; baseline 0.002 -22"><span class='ocrx_word' id='word_1_258' title='bbox 264 2999 387 3057; x_wconf 66' lang='lat' dir='ltr'><strong>sorios.</strong></span> <span class='ocrx_word' id='word_1_259' title='bbox 428 2990 461 3051; x_wconf 85' lang='lat' dir='ltr'><strong>id</strong></span> <span class='ocrx_word' id='word_1_260' title='bbox 482 2991 584 3072; x_wconf 81' lang='lat' dir='ltr'><strong>colligo</strong></span> <span class='ocrx_word' id='word_1_261' title='bbox 605 3010 644 3052; x_wconf 85' lang='lat' dir='ltr'><strong>ex</strong></span> <span class='ocrx_word' id='word_1_262' title='bbox 663 2990 834 3072; x_wconf 83' lang='lat' dir='ltr'><strong>Euststhio‚</strong></span> <span class='ocrx_word' id='word_1_263' title='bbox 856 2993 908 3073; x_wconf 90' lang='lat' dir='ltr'><strong>qui</strong></span> <span class='ocrx_word' id='word_1_264' title='bbox 928 2990 986 3076; x_wconf 80' lang='lat' dir='ltr'><strong>(sd</strong></span> <span class='ocrx_word' id='word_1_265' title='bbox 1008 3013 1038 3055; x_wconf 82' lang='lat' dir='ltr'><strong>v.</strong></span> <span class='ocrx_word' id='word_1_266' title='bbox 1057 2997 1122 3061; x_wconf 76' lang='lat'><strong>⁶62</strong></span> <span class='ocrx_word' id='word_1_267' title='bbox 1138 3004 1168 3054; x_wconf 88' lang='lat' dir='ltr'><strong>et</strong></span> <span class='ocrx_word' id='word_1_268' title='bbox 1186 2997 1247 3061; x_wconf 78' lang='lat'><strong>568</strong></span> <span class='ocrx_word' id='word_1_269' title='bbox 1264 2992 1322 3053; x_wconf 84' lang='lat' dir='ltr'><strong>Od.</strong></span> <span class='ocrx_word' id='word_1_270' title='bbox 1336 3015 1358 3056; x_wconf 77' lang='grc' dir='ltr'><strong><em>π</em></strong></span> 
     </span>
     <span class='ocr_line' id='line_1_33' title="bbox 263 3067 1381 3161; baseline 0.004 -25"><span class='ocrx_word' id='word_1_271' title='bbox 263 3067 421 3159; x_wconf 75' lang='grc' dir='ltr'><strong><em>Ἐλπήνωρ</em></strong></span> <span class='ocrx_word' id='word_1_272' title='bbox 442 3073 476 3140; x_wconf 75' lang='grc' dir='ltr'><strong>δέ</strong></span> <span class='ocrx_word' id='word_1_273' title='bbox 493 3101 539 3152; x_wconf 76' lang='grc' dir='ltr'><strong>τις</strong></span> <span class='ocrx_word' id='word_1_274' title='bbox 559 3076 625 3141; x_wconf 73' lang='grc' dir='ltr'><strong>ἔσκε</strong></span> <span class='ocrx_word' id='word_1_275' title='bbox 645 3072 806 3154; x_wconf 69' lang='grc' dir='ltr'><strong><em>νεότατος,</em></strong></span> <span class='ocrx_word' id='word_1_276' title='bbox 831 3075 900 3144; x_wconf 76' lang='grc' dir='ltr'><strong><em>οὔτε</em></strong></span> <span class='ocrx_word' id='word_1_277' title='bbox 921 3102 950 3142; x_wconf 80' lang='grc' dir='ltr'><strong>τι</strong></span> <span class='ocrx_word' id='word_1_278' title='bbox 969 3080 1038 3160; x_wconf 80' lang='grc' dir='ltr'><strong><em>λίην</em></strong></span> <span class='ocrx_word' id='word_1_279' title='bbox 1056 3076 1226 3161; x_wconf 67' lang='grc' dir='ltr'><strong><em>ὅλκιμοςίν</em></strong></span> <span class='ocrx_word' id='word_1_280' title='bbox 1238 3077 1357 3161; x_wconf 68' lang='grc' dir='ltr'><strong><em>πολέμῳ</em></strong></span> <span class='ocrx_word' id='word_1_281' title='bbox 1379 3156 1381 3159; x_wconf 12' lang='lat' dir='ltr'>v</span> 
     </span>
     <span class='ocr_line' id='line_1_34' title="bbox 267 3153 1357 3248; baseline 0 -28"><span class='ocrx_word' id='word_1_282' title='bbox 267 3156 337 3221; x_wconf 72' lang='grc' dir='ltr'><strong>οὔτε</strong></span> <span class='ocrx_word' id='word_1_283' title='bbox 359 3160 468 3241; x_wconf 81' lang='grc' dir='ltr'><strong><em>φρεσίν</em></strong></span> <span class='ocrx_word' id='word_1_284' title='bbox 483 3153 557 3248; x_wconf 70' lang='grc' dir='ltr'><strong><em>ᾖσιν</em></strong></span> <span class='ocrx_word' id='word_1_285' title='bbox 578 3157 720 3246; x_wconf 76' lang='grc' dir='ltr'><strong><em>τίρηροίρ)</em></strong></span> <span class='ocrx_word' id='word_1_286' title='bbox 749 3164 860 3222; x_wconf 88' lang='lat' dir='ltr'><strong>multos</strong></span> <span class='ocrx_word' id='word_1_287' title='bbox 879 3184 1054 3224; x_wconf 88' lang='lat' dir='ltr'><strong>enumerans</strong></span> <span class='ocrx_word' id='word_1_288' title='bbox 1074 3166 1218 3225; x_wconf 84' lang='lat' dir='ltr'><strong>stultitiae</strong></span> <span class='ocrx_word' id='word_1_289' title='bbox 1236 3164 1357 3225; x_wconf 80' lang='lat' dir='ltr'><strong>infamis</strong></span> 
     </span>
     <span class='ocr_line' id='line_1_35' title="bbox 265 3243 1356 3329; baseline 0.006 -29"><span class='ocrx_word' id='word_1_290' title='bbox 265 3243 393 3303; x_wconf 85' lang='lat' dir='ltr'><strong>celebres</strong></span> <span class='ocrx_word' id='word_1_291' title='bbox 398 3288 408 3320; x_wconf 92' lang='lat'><em>,</em></span> <span class='ocrx_word' id='word_1_292' title='bbox 428 3256 498 3326; x_wconf 88' lang='lat' dir='ltr'><strong>post</strong></span> <span class='ocrx_word' id='word_1_293' title='bbox 510 3249 638 3308; x_wconf 88' lang='lat' dir='ltr'><strong>Sannsm</strong></span> <span class='ocrx_word' id='word_1_294' title='bbox 650 3249 816 3309; x_wconf 85' lang='lat' dir='ltr'><strong>Coroebum</strong></span> <span class='ocrx_word' id='word_1_295' title='bbox 828 3248 971 3329; x_wconf 80' lang='lat' dir='ltr'><strong>Margitan</strong></span> <span class='ocrx_word' id='word_1_296' title='bbox 977 3293 986 3326; x_wconf 90' lang='lat'><strong>,</strong></span> <span class='ocrx_word' id='word_1_297' title='bbox 1000 3269 1129 3328; x_wconf 87' lang='lat' dir='ltr'><strong>quornm</strong></span> <span class='ocrx_word' id='word_1_298' title='bbox 1139 3248 1290 3310; x_wconf 87' lang='lat' dir='ltr'><strong>notissima</strong></span> <span class='ocrx_word' id='word_1_299' title='bbox 1300 3249 1356 3309; x_wconf 88' lang='lat' dir='ltr'><strong>do-</strong></span> 
     </span>
     <span class='ocr_line' id='line_1_36' title="bbox 264 3328 1357 3409; baseline 0.007 -24"><span class='ocrx_word' id='word_1_300' title='bbox 264 3328 376 3387; x_wconf 84' lang='lat' dir='ltr'><strong>mentia</strong></span> <span class='ocrx_word' id='word_1_301' title='bbox 389 3328 422 3387; x_wconf 86' lang='lat' dir='ltr'><strong>in</strong></span> <span class='ocrx_word' id='word_1_302' title='bbox 433 3334 628 3409; x_wconf 77' lang='lat' dir='ltr'><strong>proverbium</strong></span> <span class='ocrx_word' id='word_1_303' title='bbox 639 3342 671 3393; x_wconf 87' lang='lat' dir='ltr'><strong>et</strong></span> <span class='ocrx_word' id='word_1_304' title='bbox 683 3350 811 3395; x_wconf 84' lang='lat' dir='ltr'><strong>scomma</strong></span> <span class='ocrx_word' id='word_1_305' title='bbox 824 3334 913 3394; x_wconf 90' lang='lat' dir='ltr'><strong>simili</strong></span> <span class='ocrx_word' id='word_1_306' title='bbox 924 3334 997 3395; x_wconf 85' lang='lat' dir='ltr'><strong>vitio</strong></span> <span class='ocrx_word' id='word_1_307' title='bbox 1013 3334 1216 3395; x_wconf 86' lang='lat' dir='ltr'><strong>laborantium</strong></span> <span class='ocrx_word' id='word_1_308' title='bbox 1228 3334 1357 3395; x_wconf 70' lang='lat' dir='ltr'><strong>mnda-</strong></span> 
     </span>
     <span class='ocr_line' id='line_1_37' title="bbox 263 3410 1359 3501; baseline 0.014 -33"><span class='ocrx_word' id='word_1_309' title='bbox 263 3411 321 3486; x_wconf 81' lang='lat' dir='ltr'><strong>rit,</strong></span> <span class='ocrx_word' id='word_1_310' title='bbox 342 3410 417 3470; x_wconf 82' lang='lat' dir='ltr'><strong>heeo</strong></span> <span class='ocrx_word' id='word_1_311' title='bbox 435 3413 583 3497; x_wconf 73' lang='lat' dir='ltr'><strong>adiungit:</strong></span> <span class='ocrx_word' id='word_1_312' title='bbox 603 3416 712 3499; x_wconf 75' lang='grc' dir='ltr'><strong><em>ὁμοίως</em></strong></span> <span class='ocrx_word' id='word_1_313' title='bbox 728 3417 761 3483; x_wconf 76' lang='lat' dir='ltr'><strong>il</strong></span> <span class='ocrx_word' id='word_1_314' title='bbox 774 3418 827 3483; x_wconf 83' lang='grc' dir='ltr'><strong>ναί</strong></span> <span class='ocrx_word' id='word_1_315' title='bbox 837 3416 888 3483; x_wconf 74' lang='grc' dir='ltr'><strong>τὸν</strong></span> <span class='ocrx_word' id='word_1_316' title='bbox 903 3413 1145 3501; x_wconf 77' lang='grc' dir='ltr'><strong><em>Μομμᾶνοοθον</em></strong></span> <span class='ocrx_word' id='word_1_317' title='bbox 1156 3420 1209 3483; x_wconf 84' lang='lat' dir='ltr'><strong>sol</strong></span> <span class='ocrx_word' id='word_1_318' title='bbox 1221 3414 1272 3483; x_wconf 75' lang='lat' dir='ltr'><strong>sis</strong></span> <span class='ocrx_word' id='word_1_319' title='bbox 1285 3423 1359 3482; x_wconf 86' lang='lat' dir='ltr'><strong>Me-</strong></span> 
     </span>
     <span class='ocr_line' id='line_1_38' title="bbox 262 3495 1360 3591; baseline 0.004 -32"><span class='ocrx_word' id='word_1_320' title='bbox 262 3496 381 3577; x_wconf 79' lang='grc' dir='ltr'><strong><em>ίντίδην</em></strong></span> <span class='ocrx_word' id='word_1_321' title='bbox 392 3495 444 3559; x_wconf 77' lang='grc' dir='ltr'><strong>καί</strong></span> <span class='ocrx_word' id='word_1_322' title='bbox 456 3496 735 3584; x_wconf 73' lang='grc' dir='ltr'><strong><em>τίν’Λμφτττίίην,</em></strong></span> <span class='ocrx_word' id='word_1_323' title='bbox 756 3506 788 3568; x_wconf 77' lang='lat' dir='ltr'><strong>oi</strong></span> <span class='ocrx_word' id='word_1_324' title='bbox 800 3501 961 3587; x_wconf 75' lang='grc' dir='ltr'><strong><em>ίιοβόηθοτ</em></strong></span> <span class='ocrx_word' id='word_1_325' title='bbox 977 3503 1025 3568; x_wconf 70' lang='grc' dir='ltr'><strong>ἐπὶ</strong></span> <span class='ocrx_word' id='word_1_326' title='bbox 1039 3505 1139 3591; x_wconf 72' lang='grc' dir='ltr'><strong><em>μωρίᾳ</em></strong></span> <span class='ocrx_word' id='word_1_327' title='bbox 1150 3497 1245 3586; x_wconf 70' lang='grc' dir='ltr'><strong><em>ἦσαν·</em></strong></span> <span class='ocrx_word' id='word_1_328' title='bbox 1265 3506 1360 3564; x_wconf 76' lang='lat' dir='ltr'><strong>simi·</strong></span> 
     </span>
     <span class='ocr_line' id='line_1_39' title="bbox 263 3580 1360 3669; baseline 0.007 -29"><span class='ocrx_word' id='word_1_329' title='bbox 263 3580 334 3640; x_wconf 78' lang='lat' dir='ltr'><strong>liter</strong></span> <span class='ocrx_word' id='word_1_330' title='bbox 353 3591 456 3640; x_wconf 77' lang='lat' dir='ltr'><strong>annm</strong></span> <span class='ocrx_word' id='word_1_331' title='bbox 478 3595 508 3642; x_wconf 84' lang='lat' dir='ltr'><strong>et</strong></span> <span class='ocrx_word' id='word_1_332' title='bbox 521 3586 783 3649; x_wconf 73' lang='lat' dir='ltr'><strong>anmnoutlsnm</strong></span> <span class='ocrx_word' id='word_1_333' title='bbox 803 3601 831 3650; x_wconf 79' lang='lat' dir='ltr'><strong>et</strong></span> <span class='ocrx_word' id='word_1_334' title='bbox 850 3588 1030 3668; x_wconf 62' lang='lat' dir='ltr'><strong>nereidem,</strong></span> <span class='ocrx_word' id='word_1_335' title='bbox 1051 3609 1163 3649; x_wconf 79' lang='lat' dir='ltr'><strong>nemon</strong></span> <span class='ocrx_word' id='word_1_336' title='bbox 1180 3590 1360 3669; x_wconf 74' lang='lat' dir='ltr'><strong>Ampbiets&#39;-</strong></span> 
     </span>
     <span class='ocr_line' id='line_1_40' title="bbox 263 3663 1359 3756; baseline 0.011 -34"><span class='ocrx_word' id='word_1_337' title='bbox 263 3663 341 3741; x_wconf 83' lang='lat' dir='ltr'><strong>dem,</strong></span> <span class='ocrx_word' id='word_1_338' title='bbox 363 3667 419 3746; x_wconf 80' lang='lat' dir='ltr'><strong>qni</strong></span> <span class='ocrx_word' id='word_1_339' title='bbox 430 3667 554 3730; x_wconf 79' lang='lat' dir='ltr'><strong>celebres</strong></span> <span class='ocrx_word' id='word_1_340' title='bbox 568 3675 694 3734; x_wconf 76' lang='lat' dir='ltr'><strong>imario</strong></span> <span class='ocrx_word' id='word_1_341' title='bbox 697 3674 796 3755; x_wconf 72' lang='lat' dir='ltr'><strong>snm.</strong></span> <span class='ocrx_word' id='word_1_342' title='bbox 839 3674 892 3737; x_wconf 90' lang='lat' dir='ltr'><strong>nbi</strong></span> <span class='ocrx_word' id='word_1_343' title='bbox 903 3675 1048 3754; x_wconf 77' lang='lat' dir='ltr'><strong>signiliest</strong></span> <span class='ocrx_word' id='word_1_344' title='bbox 1059 3674 1117 3734; x_wconf 85' lang='lat' dir='ltr'><strong>iste</strong></span> <span class='ocrx_word' id='word_1_345' title='bbox 1131 3675 1251 3756; x_wconf 83' lang='lat' dir='ltr'><strong>propris</strong></span> <span class='ocrx_word' id='word_1_346' title='bbox 1266 3673 1359 3734; x_wconf 79' lang='lat' dir='ltr'><strong>fnisse</strong></span> 
     </span>
     <span class='ocr_line' id='line_1_41' title="bbox 262 3752 1358 3841; baseline 0.005 -30"><span class='ocrx_word' id='word_1_347' title='bbox 262 3752 381 3812; x_wconf 87' lang='lat' dir='ltr'><strong>nomina</strong></span> <span class='ocrx_word' id='word_1_348' title='bbox 394 3752 567 3817; x_wconf 86' lang='lat' dir='ltr'><strong>insanorum</strong></span> <span class='ocrx_word' id='word_1_349' title='bbox 579 3760 794 3838; x_wconf 83' lang='lat' dir='ltr'><strong>quorumdam,</strong></span> <span class='ocrx_word' id='word_1_350' title='bbox 814 3778 889 3839; x_wconf 77' lang='lat' dir='ltr'><strong>quse</strong></span> <span class='ocrx_word' id='word_1_351' title='bbox 901 3760 1009 3821; x_wconf 81' lang='lat' dir='ltr'><strong>deindo</strong></span> <span class='ocrx_word' id='word_1_352' title='bbox 1020 3759 1053 3819; x_wconf 92' lang='lat' dir='ltr'><strong>in</strong></span> <span class='ocrx_word' id='word_1_353' title='bbox 1065 3759 1204 3820; x_wconf 85' lang='lat' dir='ltr'><strong>similium</strong></span> <span class='ocrx_word' id='word_1_354' title='bbox 1217 3759 1287 3841; x_wconf 86' lang='lat' dir='ltr'><strong>ipsis</strong></span> <span class='ocrx_word' id='word_1_355' title='bbox 1298 3779 1358 3839; x_wconf 88' lang='lat' dir='ltr'><strong>sp-</strong></span> 
     </span>
     <span class='ocr_line' id='line_1_42' title="bbox 261 3837 1356 3952; baseline 0.008 -56"><span class='ocrx_word' id='word_1_356' title='bbox 261 3837 449 3917; x_wconf 86' lang='lat' dir='ltr'><strong>pellstionem</strong></span> <span class='ocrx_word' id='word_1_357' title='bbox 472 3841 617 3904; x_wconf 79' lang='lat' dir='ltr'><strong>translatu</strong></span> <span class='ocrx_word' id='word_1_358' title='bbox 637 3844 769 3923; x_wconf 80' lang='lat' dir='ltr'><strong>luerint,</strong></span> <span class='ocrx_word' id='word_1_359' title='bbox 785 3854 877 3952; x_wconf 82' lang='lat' dir='ltr'><strong>prout</strong></span> <span class='ocrx_word' id='word_1_360' title='bbox 891 3844 1043 3905; x_wconf 78' lang='lat' dir='ltr'><strong>debanna</strong></span> <span class='ocrx_word' id='word_1_361' title='bbox 1056 3844 1232 3905; x_wconf 86' lang='lat' dir='ltr'><strong>nominatim</strong></span> <span class='ocrx_word' id='word_1_362' title='bbox 1249 3844 1356 3904; x_wconf 81' lang='lat' dir='ltr'><strong>obser-</strong></span> 
     </span>
     <span class='ocr_line' id='line_1_43' title="bbox 261 3923 1357 4015; baseline 0.01 -34"><span class='ocrx_word' id='word_1_363' title='bbox 261 3932 401 4000; x_wconf 75' lang='lat' dir='ltr'><strong>vaverat,</strong></span> <span class='ocrx_word' id='word_1_364' title='bbox 422 3923 465 3983; x_wconf 90' lang='lat' dir='ltr'><strong>sio</strong></span> <span class='ocrx_word' id='word_1_365' title='bbox 491 3934 579 3988; x_wconf 76' lang='lat' dir='ltr'><strong>antes</strong></span> <span class='ocrx_word' id='word_1_366' title='bbox 600 3928 745 3990; x_wconf 75' lang='lat' dir='ltr'><strong>tm&#39;btna:</strong></span> <span class='ocrx_word' id='word_1_367' title='bbox 764 3953 817 3995; x_wconf 85' lang='grc' dir='ltr'><strong>τον</strong></span> <span class='ocrx_word' id='word_1_368' title='bbox 835 3927 939 4015; x_wconf 70' lang='grc' dir='ltr'><strong><em>μωρόν</em></strong></span> <span class='ocrx_word' id='word_1_369' title='bbox 961 3930 1087 4012; x_wconf 64' lang='lat' dir='ltr'><strong>sternes</strong></span> <span class='ocrx_word' id='word_1_370' title='bbox 1105 3923 1230 3993; x_wconf 71' lang='grc' dir='ltr'><strong><em>Σάννον</em></strong></span> <span class='ocrx_word' id='word_1_371' title='bbox 1252 3934 1357 3993; x_wconf 71' lang='grc' dir='ltr'><strong><em>πολεῖ-</em></strong></span> 
     </span>
    </p>
   </div>
   <div class='ocr_carea' id='block_1_3' title="bbox 260 4002 1356 4183">
    <p class='ocr_par' dir='ltr' id='par_1_4' title="bbox 260 4002 1356 4183">
     <span class='ocr_line' id='line_1_44' title="bbox 260 4002 1355 4097; baseline 0.005 -29"><span class='ocrx_word' id='word_1_372' title='bbox 260 4012 336 4070; x_wconf 78' lang='grc' dir='ltr'><strong><em>σθαι</em></strong></span> <span class='ocrx_word' id='word_1_373' title='bbox 351 4008 394 4083; x_wconf 70' lang='grc' dir='ltr'><strong>οἷς</strong></span> <span class='ocrx_word' id='word_1_374' title='bbox 406 4002 468 4073; x_wconf 70' lang='lat' dir='ltr'><strong>inl</strong></span> <span class='ocrx_word' id='word_1_375' title='bbox 483 4034 566 4087; x_wconf 72' lang='grc' dir='ltr'><strong><em>τινος</em></strong></span> <span class='ocrx_word' id='word_1_376' title='bbox 576 4012 685 4093; x_wconf 74' lang='lat' dir='ltr'><strong>molon</strong></span> <span class='ocrx_word' id='word_1_377' title='bbox 696 4008 860 4097; x_wconf 74' lang='grc' dir='ltr'><strong><em>ν’νίμοτος,</em></strong></span> <span class='ocrx_word' id='word_1_378' title='bbox 879 4016 1008 4076; x_wconf 65' lang='lat' dir='ltr'><strong>animm</strong></span> <span class='ocrx_word' id='word_1_379' title='bbox 1021 4018 1136 4075; x_wconf 68' lang='lat' dir='ltr'><strong>scimus</strong></span> <span class='ocrx_word' id='word_1_380' title='bbox 1147 4018 1283 4076; x_wconf 78' lang='lat' dir='ltr'><strong>Sannum</strong></span> <span class='ocrx_word' id='word_1_381' title='bbox 1296 4035 1355 4073; x_wconf 86' lang='grc' dir='ltr'><strong>νο-</strong></span> 
     </span>
     <span class='ocr_line' id='line_1_45' title="bbox 260 4095 1356 4183; baseline 0.008 -29"><span class='ocrx_word' id='word_1_382' title='bbox 260 4095 954 4183; x_wconf 64' lang='lat' dir='ltr'><strong>carssaqumquosmproprnmm.</strong></span> <span class='ocrx_word' id='word_1_383' title='bbox 996 4100 1356 4167; x_wconf 63' lang='lat' dir='ltr'><strong>commonemur</strong></span> 
     </span>
    </p>
   </div>
   <div class='ocr_carea' id='block_1_4' title="bbox 0 0 1522 4840">
    <p class='ocr_par' dir='ltr' id='par_1_5' title="bbox 0 0 1522 4840">
     <span class='ocr_line' id='line_1_46' title="bbox 0 0 1522 4840; baseline 0 4"><span class='ocrx_word' id='word_1_384' title='bbox 0 0 1522 4840; x_wconf 95' lang='lat' dir='ltr'><strong> </strong></span> 
     </span>
    </p>
   </div>
  </div>
 </body>
</html>
