2934 4838
251 250 327 325 rto
455 230 462 249 “
551 246 788 321 ousruver.
809 242 1048 319 recnrnun

251 414 386 500 moden
402 432 504 478 eorum
518 414 607 477 etiem
617 411 834 499 eollptiooerel
844 413 964 478 efficere
976 414 1027 477 vel
1037 413 1185 478 nontiere
1197 415 1356 480 monio„

253 514 300 569 boe
310 504 389 565 orbie
408 512 572 581 terrerum,
592 503 646 564 vel
659 518 764 563 omnen
775 500 828 564 vol
842 502 968 563 menime
982 500 1183 584 perniciem.

335 604 393 664 Sed
406 601 506 683 negari
519 622 583 662 nen
594 611 696 684 potent
707 601 782 684 quin
794 603 881 664 molli
892 602 1026 664 defectui
1040 603 1113 664 eollo
1124 613 1158 664 et
1172 604 1273 666 lum
1285 624 1352 667 om

253 682 466 753 minmitenbue
492 688 626 769 publicio
654 697 686 748 et
714 696 810 749 morte
835 689 1007 769 principum
1036 708 1126 770 eeepe
1154 698 1352 755 concurrent.

251 777 304 838 red
316 774 522 834 confitendum
542 788 662 854 qnoque
678 768 767 852 longe
785 775 889 854 ploret
907 783 939 834 et
956 773 1085 854 eclipeeo
1099 774 1170 835 eino
1184 776 1350 837 iiecenbue

250 871 281 922 et
296 861 432 925 inleliuee
443 876 547 919 rernm
565 868 690 920 eventui
708 859 773 920 eine
791 858 949 940 eclipsibus
968 859 1143 936 contigium.
1187 880 1349 920 coneum

248 942 423 1006 admittitur
440 944 475 1004 in
487 942 657 1024 eliquibue,
683 942 717 1004 in
736 944 828 1005 nnllie
849 964 939 1005 ceuee
959 943 1127 1026 probetur,
1156 943 1193 1006 in
1213 944 1348 1006 onnibur

147 1060 152 1075 ·
250 1020 474 1110 oodtiogeotie,
495 1038 527 1090 et
538 1049 638 1092 meror
653 1049 739 1089 mene
753 1030 958 1109 egnoecondoe
971 1038 1025 1094 tet.

336 1148 446 1214 xvnl
487 1146 528 1209 lt
542 1147 614 1228 qnid
632 1147 774 1230 prohibet
793 1147 882 1208 deum
905 1147 944 1207 ed
956 1145 1170 1208 incutiendum
1182 1144 1346 1209 hominbus

251 1254 323 1298 oure
336 1233 497 1296 meieetetie
510 1234 672 1294 eululerem
691 1235 888 1296 reverentiam
911 1234 1036 1315 eclipeee
1057 1229 1223 1313 adbibere,
1249 1253 1349 1314 oreque

251 1323 338 1384 velut
349 1322 427 1381 fecer
442 1320 578 1380 funerum
596 1320 755 1397 oetenlere,
776 1320 802 1379 ei
819 1336 880 1380 non
896 1337 1008 1393 muner,
1029 1313 1138 1378 collem
1159 1320 1349 1400 preenuntiee

252 1407 385 1468 clodium
403 1404 600 1484 generalium,
627 1412 659 1465 et
688 1403 773 1464 tuber
792 1403 955 1477 bellorum,
976 1403 1085 1483 quibui
1106 1405 1266 1464 mnndum
1279 1402 1351 1463 effli-

255 1511 323 1572 gere
341 1501 372 1551 et
389 1488 538 1569 corrigere
552 1488 731 1550 conetituitl
753 1488 798 1549 nil
810 1488 928 1568 quidem
939 1486 973 1547 ld
987 1487 1053 1548 lieri
1068 1486 1238 1571 probibet,
1257 1488 1312 1550 ced
1323 1496 1350 1549 α

254 1576 334 1638 nihil
347 1574 524 1657 persuadet,
546 1582 577 1634 et
599 1574 626 1635 ri
647 1572 767 1655 quondo
784 1573 817 1633 id
840 1573 912 1634 dene
934 1572 1053 1650 iecerit,
1074 1572 1145 1653 quie
1163 1573 1351 1651 nudentubi,

255 1661 376 1742 quondo
391 1669 422 1721 et
433 1658 549 1739 quolieo
563 1659 636 1721 dene
647 1659 682 1720 id
696 1658 807 1721 efficiet
822 1657 977 1740 profiteri'l
1005 1659 1054 1718 crui
1069 1657 1145 1719 dene
1164 1679 1261 1720 ouum
1274 1679 1308 1719 ee
1318 1659 1352 1719 de

254 1767 291 1811 ro
303 1745 459 1807 concilium
476 1743 613 1826 operuitl
633 1764 681 1806 ren
701 1745 789 1825 plene
803 1745 895 1822 miro,
915 1763 971 1803 nec
985 1743 1089 1803 divino
1104 1745 1243 1805 coneilio
1257 1754 1351 1823 vocet,

256 1831 341 1912 qnod
358 1830 391 1890 ln
409 1835 470 1889 lote
489 1849 571 1891 oecre
593 1830 741 1911 scripture
758 1829 872 1889 nulline
895 1828 1017 1888 omnino
1038 1828 1160 1910 eclipoir
1175 1831 1298 1891 mentio
1311 1830 1351 1905 tit,

255 1930 326 1978 cnm
337 1923 436 1976 lemen
447 1912 480 1973 in
492 1915 610 1997 populo
623 1914 672 1974 dei
683 1933 740 1975 nec
751 1924 863 1974 morter
874 1913 1047 1996 principum
1056 1933 1112 1974 nec
1120 1912 1352 1976 belleneoeele-

255 2001 375 2063 mitotet
387 2000 529 2062 densent.
550 2016 614 2060 non
628 1998 728 2061 deerat
741 2018 845 2060 eeneuo
858 1999 1054 2077 miseriorum,
1065 2019 1126 2058 non
1133 1998 1352 2061 dmontoenli

256 2087 296 2147 od
315 2085 440 2168 eclipeee
459 2084 604 2146 videndun
620 2105 690 2145 cum
709 2082 838 2166 publicio
859 2082 993 2144 cledtbue
1016 2085 1208 2146 coniunctae.
1255 2086 1352 2147 donet

253 2173 334 2233 forte
347 2169 554 2252 providentie,
575 2180 606 2232 et
617 2190 686 2231 euee
699 2169 794 2247 gentio
807 2169 911 2230 eolutie
928 2168 1079 2249 negligent
1093 2188 1159 2230 non
1172 2170 1353 2232 admonebit

253 2257 408 2317 attendere
426 2254 465 2315 ed
489 2255 573 2335 eigne
591 2260 656 2317 torn
668 2253 814 2334 vierioilie,
836 2274 911 2335 quoe
929 2262 992 2314 nm
1004 2263 1144 2335 potenter
1155 2275 1253 2337 qoam
1274 2266 1352 2317 certo

253 2360 325 2401 enee
336 2339 509 2401 irectmdiee
523 2349 554 2400 et
566 2339 724 2402 bominum
737 2339 922 2421 cmlipetioni
934 2338 1168 2422 proemittebetl
1189 2342 1352 2424 profetae

251 2423 284 2493 id
297 2424 418 2505 quidem
431 2421 612 2485 ludeeorum
624 2426 716 2504 genti,
735 2435 767 2488 et
779 2424 953 2488 Christiani·
965 2444 1026 2485 non
1039 2424 1168 2486 oberret.
1207 2427 1262 2487 ced
1274 2445 1344 2485 cou-

252 2507 353 2569 eilium
367 2508 415 2568 dei
428 2507 635 2570 ebeconditnm
653 2512 826 2588 unoculie,
842 2516 878 2571 'et
895 2510 969 2592 iptio
982 2502 1140 2593 propbetio
1160 2530 1221 2570 nou
1231 2511 1342 2571 revele-

252 2600 337 2672 tom,
363 2612 411 2653 ore
424 2592 582 2654 iudicione
601 2593 913 2673 penetrevlteoilioet,
933 2604 963 2655 et
982 2595 1015 2653 in
1030 2596 1115 2655 coelo
1132 2597 1271 2676 emiptuu
1282 2593 1343 2653 do·

254 2688 320 2755 cet,
340 2678 393 2739 eed
412 2677 560 2738 dunttxet
580 2677 766 2739 intellectum
784 2681 883 2761 legere
904 2679 1094 2741 colentibus?
1124 2700 1214 2760 nugor
1233 2696 1343 2741 mereo.

245 2762 290 2825 'ln
307 2759 367 2825 boo
394 2783 463 2844 ergo
492 2761 588 2845 pieton
610 2771 642 2825 et
669 2762 815 2845 upientie
838 2760 1006 2826 christi-ne
1034 2765 1230 2846 conquiereit,
1257 2763 1347 2843 quod

256 2849 383 2931 eolipeee
396 2849 457 2911 eiut
471 2847 607 2910 delectur
629 2848 780 2910 neturolee
804 2850 878 2911 eollo
891 2858 922 2911 et
938 2851 1047 2927 luoee,
1070 2870 1147 2931 quoe
1158 2844 1270 2912 nullent
1281 2846 1352 2910 lm-

149 2932 242 2994 1’509
257 2935 349 2995 beent
366 2953 429 2996 non
446 2934 537 2996 modo
561 2942 672 2996 certem
686 2932 740 2994 eed
758 2955 798 2995 ne
817 2934 938 3016 quidem
956 2934 1142 3017 probabilem
1160 2928 1354 3012 efficientia,

257 3020 309 3082 vol
322 3019 546 3100 tiguilleetionio
554 3040 622 3081 cum
634 3018 762 3102 publicio
776 3018 991 3082 mlemilettbue
1003 3029 1056 3080 ent
1068 3030 1167 3082 morte
1178 3021 1359 3104 principum

258 3106 495 3188 connexionem,
514 3106 671 3186 multoque
688 3102 788 3167 mino·
805 3125 874 3168 cnm
893 3107 1016 3168 fortune
1037 3112 1070 3166 et
1081 3106 1234 3168 eventiboo
1247 3107 1361 3170 liberio

255 3189 455 3273 privetorum.

342 3307 411 3370 Hoc
429 3317 529 3372 eutem
550 3328 691 3390 maguum
718 3307 906 3371 commodem
931 3309 1058 3391 eolipuo
1077 3308 1148 3371 eollo
1164 3305 1308 3371 etlunne
1324 3310 1364 3372 in

257 3388 415 3453 biotoriem
429 3403 598 3477 temporum
612 3395 793 3477 importent,
814 3395 898 3476 quod
907 3414 945 3456 ex
959 3415 1062 3456 eurum
1076 3394 1207 3456 tenebrie
1219 3412 1281 3455 om
1291 3396 1366 3479 ipre

259 3477 443 3539 obscuritete
456 3480 623 3542 manifestio
640 3481 695 3541 lox
706 3499 814 3560 magne
827 3499 914 3561 nepe
927 3481 1016 3541 reboo
1030 3480 1120 3558 gestie
1132 3479 1275 3542 recedet.
1306 3483 1368 3543 vix

259 3562 339 3623 enim
350 3563 523 3625 melioribue
541 3564 660 3626 indicilo
680 3565 767 3626 initio
779 3582 954 3646 regnorum,
979 3566 1152 3625 nutivitetee
1166 3564 1369 3648 principum,

258 3648 404 3710 victorine
419 3648 568 3729 illoetree,
595 3649 713 3730 eli-qne
736 3650 816 3713 oo'itu
839 3659 873 3712 et
889 3649 1145 3712 commendatione
1168 3652 1371 3729 posteriori·

259 3734 349 3813 digne
369 3734 553 3815 probentur,
581 3754 672 3815 quom
696 3735 865 3816 eclipeiboe.
907 3735 1101 3814 chronologia
1124 3755 1232 3812 rogum
1259 3738 1372 3799 l’eree·

256 3838 341 3899 rum,
372 3820 444 3902 Cyri
461 3829 492 3882 et
512 3819 678 3883 moronti
699 3816 887 3900 monembie,
914 3830 945 3882 et
970 3818 1119 3882 connexio
1138 3820 1303 3902 profenoe
1320 3822 1373 3883 bi-

255 3905 368 3965 ctoriae
380 3925 451 3968 cunr
463 3926 548 3968 een-n
558 3905 687 3967 mexime
697 3906 868 3969 illuetretor
879 3926 934 3987 per
946 3906 1099 3986 eclipeetm
1110 3914 1210 3967 oenoe
1218 3918 1375 3974 eruntne.

256 3997 321 4049 tote
332 3991 422 4053 eeriee
433 3988 576 4054 bietoriee
591 3991 783 4068 Graecorum,
803 4001 834 4054 et
847 3991 985 4055 nonno
996 3993 1146 4053 nonem
1156 3989 1374 4071 reipublioee,

256 4080 335 4133 utet
349 4085 431 4155 geete
447 4077 518 4137 lolii
531 4075 679 4152 Ceeoerie,
699 4076 829 4155 Argunt
853 4087 884 4139 et
900 4077 1029 4140 eliorum
1042 4076 1270 4158 imponerem
1287 4078 1375 4140 nihl

255 4154 369 4250 hebent
390 4160 502 4222 certine
529 4180 621 4242 qoem
639 4160 722 4242 quod
742 4160 961 4227 dolentimibne
982 4162 1057 4224 colio
1075 4158 1251 4224 eut'lume
1287 4184 1376 4227 oon·

255 4238 404 4301 intuitur.
