3036 4840
491 392 495 399 .
573 298 706 371 unu
746 301 900 403 norm.
1206 306 1279 378 σοι

190 461 289 549 meir
300 462 394 531 ίιιῖοι
407 460 466 533 oris
480 463 579 554 ίιιανηῖ
591 461 802 551 στρατεύματι,
823 465 876 533 ναί
889 463 1072 550 οομιιίοιιιίς
1085 472 1129 556 epi
1151 468 1281 558 ποίίμμ,
1297 482 1321 538 l’
1336 483 1388 538 sto

190 547 228 614 ssi
244 555 346 632 πρῶνα
358 547 414 632 μίν
434 545 525 632 ὁμόσε
539 549 685 634 ’χωρήσας
701 557 744 652 spi
758 547 883 636 slyapivs
899 557 941 639 τῷ
960 548 1056 638 simp
1078 561 1215 619 συνωθεῖ
1228 556 1280 621 καί

188 636 288 715 δίον-ιιι
309 644 365 701 etc.
407 635 494 696 addit
515 657 532 695 a
559 638 700 698 restituto
718 659 752 697 m
770 638 889 714 aonam,
915 638 997 699 uude
1014 639 1113 700 fuerat
1139 639 1280 717 deiectus,

187 719 360 800 Palaeologo
372 720 501 781 nothum
512 720 663 787 Michaelis
680 721 819 802 despotae
833 722 928 782 filium
945 722 1026 785 letali
1033 743 1206 804 percussum
1218 725 1281 787 ictu

187 805 354 884 nequivisse
364 824 467 887 pereso
478 824 639 887 reponere,
659 825 735 885 quae
746 806 913 887 signifioant
923 827 1014 868 manu
1025 817 1057 868 et
1068 810 1147 870 serro
1159 810 1280 870 Palaeo-

185 888 247 971 logi
260 890 398 953 decidisse
409 889 601 952 Theodorum
617 891 680 952 sive
696 891 861 952 blanudlem
880 893 971 952 istum
982 891 1118 954 nothum.
1159 895 1192 954 id
1206 914 1280 956 vern

187 976 360 1057 pernegabit
381 974 433 1055 qui
456 994 572 1037 ιιιοοιιιιι
594 977 809 1038 existimaverit
828 976 1018 1057 Acropolitae
1038 981 1140 1056 potius
1154 979 1280 1040 creden-

188 1059 280 1141 dum,
295 1069 413 1123 tentum
432 1080 495 1122 nou
511 1059 559 1121 his
573 1062 735 1143 praesenti,
759 1061 868 1143 quippe
882 1060 973 1122 buius
986 1061 1066 1122 soeio
1082 1063 1214 1123 militiae.
1254 1066 1281 1124 is

187 1145 266 1205 enim
281 1145 390 1207 diserte
406 1145 538 1206 affirmet
548 1165 706 1210 ucussnm
721 1146 792 1206 sella
810 1146 1003 1208 Theodorum
1024 1165 1153 1225 moxque
1167 1149 1281 1228 elapsu

185 1230 375 1292 sublevatum
396 1230 558 1294 lemanna
577 1230 617 1293 ed
639 1234 823 1293 Comnenum
841 1239 873 1293 et
893 1230 1065 1312 suppliciter
1089 1231 1281 1312 deprecatum
1308 1262 1312 1271 ·

185 1334 298 1377 ueoem
339 1317 524 1380 Cumanum
537 1326 637 1378 sutem
655 1319 840 1398 ignorantem
861 1316 927 1396 quis
946 1316 997 1377 hic
1009 1325 1102 1418 esset,
1122 1316 1280 1378 tradidisse
1311 1324 1320 1371 ι

184 1401 1194 1572 wiffffmimfflbrisilnbibnmliiibbbbipempnam}
1201 1424 1279 1551 γίίίίν

184 1564 275 1652 golt,
296 1571 349 1635 ael
362 1564 564 1679 ίδοοοίιιιιμη
577 1576 781 1654 φονευθῆναι
821 1566 927 1654 η’γνίιι
948 1568 983 1635 di
994 1570 1135 1636 ιοῦιονί
1151 1578 1278 1653 Κομνη·

184 1649 256 1731 νίς,
277 1654 329 1719 ναί
340 1648 422 1733 ὅστις
433 1647 476 1737 ἦν
490 1680 547 1721 ons
559 1652 713 1740 ἠπίστατο.
753 1657 941 1739 παραδίδωσι
971 1660 1028 1719 οὖν
1043 1650 1137 1721 siris
1153 1651 1278 1743 Τούρκηι

184 1741 262 1817 srvi,
288 1739 340 1804 ναί
358 1737 395 1816 ὃς
416 1736 586 1821 nepissana
603 1746 720 1807 rosires.
761 1762 853 1822 porro
878 1761 938 1820 quo
978 1734 1100 1804 esitasse
1119 1741 1279 1802 obscurum

183 1823 267 1887 hunc
278 1824 428 1887 bliohadlis
441 1826 579 1907 despotae
590 1828 688 1889 filium
704 1836 807 1888 noster
819 1826 909 1902 dicit,
935 1825 975 1885 ad
987 1825 1209 1904 illegitimarum
1221 1846 1280 1886 na-
1335 1882 1340 1890 .

183 1910 289 1972 talium
306 1910 494 1992 ignominiam
508 1914 653 1993 pertinet,
672 1931 761 1992 quam
782 1912 862 1972 idem
883 1920 914 1971 et
935 1910 1020 1985 alibi,
1040 1919 1077 1970 ut
1095 1910 1173 1970 infra
1188 1930 1220 1991 p.
1234 1911 1279 1976 85

183 1996 249 2063 ud
269 1996 346 2056 solet
358 1998 414 2056 iste
425 1997 614 2060 tenebrarum
634 1998 783 2061 mentione
797 1997 967 2076 deriguere,
987 1995 1138 2070 alludens,
1160 1995 1276 2076 opinor,

182 2078 306 2145 Homeri
317 2082 418 2142 locum
430 2081 514 2143 lliad.
527 2086 545 2159 ζ
556 2084 593 2143 de
612 2083 774 2144 Bucolione
787 2081 994 2145 Laomedontis
1005 2080 1069 2140 filio
1081 2079 1194 2145 notho:

344 2168 519 2232 Βοοιιοίίοιν
528 2161 612 2251 δ’ἦν
625 2165 695 2244 vide
709 2162 825 2250 αἷμανοῦ
838 2165 1051 2248 Λαομέδοντος

345 2246 547 2333 κριοβίτοιορ
567 2276 619 2337 μεν
643 2256 666 2314 ”.
706 2248 828 2318 οαόιιον
844 2251 877 2316 tl
890 2251 905 2315 ί
919 2252 1037 2335 γείνατο
1049 2243 1158 2331 μήτηρ.

181 2333 221 2394 ad
233 2353 322 2414 quem
341 2335 441 2401 locum
454 2347 543 2399 retus
560 2336 633 2399 sobo
645 2339 746 2402 'estest
766 2332 884 2401 σκότιον
902 2335 936 2401 iss
945 2335 1095 2418 λαθραίας
1106 2335 1213 2415 μίξεως
1222 2329 1277 2398 νίν

178 2414 283 2500 ίιίθρα
296 2420 494 2525 γεμενημίνον
505 2421 557 2487 ναί
571 2417 629 2486 oie
642 2423 675 2488 ez
690 2427 745 2503 eric
759 2419 836 2488 ιιατοί
847 2414 945 2502 νόμον
958 2420 1145 2504 γαμηθείσης
1149 2466 1159 2496 ,
1180 2414 1233 2481 τᾶν
1244 2419 1277 2495 lt

178 2498 393 2589 ιίίμδουχηιιον
409 2501 526 2588 γάμον.
566 2508 620 2568 ubi
637 2507 786 2588 eleganter
803 2527 921 2568 musam
941 2507 1068 2567 innuens
1085 2523 1140 2563 our
1157 2502 1277 2563 obscuri

178 2588 320 2653 dicautur
332 2590 492 2671 illegitimi,
512 2592 545 2652 id
556 2592 668 2654 indicat
685 2613 724 2653 ex
734 2611 771 2652 eo
785 2594 897 2653 lactum
911 2588 994 2671 quod
1007 2610 1069 2651 non
1087 2608 1127 2649 ex
1138 2588 1274 2666 coniugio

176 2674 301 2737 solemni
316 2678 415 2739 seeum
426 2676 584 2757 genialium
597 2677 778 2760 praelatione
793 2677 939 2738 illustrato
952 2676 1006 2736 sed
1022 2674 1138 2736 fiofivo
1150 2672 1275 2754 captetis

175 2761 309 2821 tenebris
328 2762 490 2825 ooueubitu
515 2765 578 2825 noti
601 2764 671 2824 sint.
711 2763 799 2823 istius
822 2760 1024 2842 originationis
1043 2759 1129 2821 verbi
1154 2752 1276 2833 σκότιος

175 2845 333 2926 illegitimie
351 2847 461 2929 aptati,
489 2850 573 2928 qnod
590 2846 620 2925 ἒξ
643 2842 861 2934 αἷδηιδοαχήτων
875 2842 981 2930 μίμων
993 2844 1053 2906 orti
1066 2844 1143 2917 sint,
1164 2848 1273 2900 ιιιοίο-

174 2950 239 2992 rern
253 2932 428 2994 Eustathius
447 2954 477 3013 p.
492 2938 555 3001 622
571 2933 619 2995 ed.
633 2935 720 2997 Rom.
738 2933 844 3013 alleget
861 2930 1005 3015 Apiouem
1024 2936 1158 2991 veterem
1172 2925 1271 3005 magui

174 3016 302 3079 nominis
312 3019 548 3097 grammaticum.

259 3124 285 3164 c.
308 3107 357 3166 11.
398 3104 483 3180 Quae
500 3103 560 3163 boc
578 3102 675 3181 capite
695 3108 858 3161 onnntor
880 3097 919 3159 de
938 3104 1026 3177 capto
1040 3095 1202 3172 vinctoque
1212 3111 1268 3173 per

173 3187 349 3249 Cbadanum
366 3187 556 3267 Palaeologo,
588 3186 684 3264 dequo
703 3184 858 3265 praesagiis
877 3182 994 3262 imperii
1012 3199 1046 3241 ee
1058 3178 1210 3240 occasione
1223 3178 1268 3238 illi

173 3273 299 3351 oblatis,
321 3292 425 3332 eorum
445 3291 501 3331 nec
524 3270 594 3331 vola
616 3289 672 3328 neo
691 3270 846 3348 vestigium
865 3267 998 3327 oemitur
1017 3264 1098 3347 epod
1111 3263 1268 3344 Acropoli-

172 3366 249 3434 tem,
270 3358 376 3437 opinor
390 3356 457 3415 ideo
469 3354 550 3434 quod
568 3354 618 3414 ille
636 3373 690 3438 per
705 3353 738 3413 id
748 3352 914 3433 tompus‘in
927 3350 1142 3432 expugnatione
1156 3349 1266 3430 Prilapi

172 3443 262 3502 nestri
276 3450 382 3520 captus
393 3448 424 3500 et
438 3440 525 3520 longo
544 3449 677 3520 tempore
694 3438 830 3499 custodia
843 3436 981 3496 detentus
1002 3437 1040 3496 ab
1052 3435 1203 3514 hostibus,
1227 3443 1265 3495 ut

170 3527 234 3608 ipse
248 3526 338 3586 docet
353 3524 430 3585 Hist.
444 3546 469 3586 ο
490 3530 542 3603 62,
562 3525 619 3586 ista
632 3545 694 3585 non
710 3524 830 3585 viderit
874 3523 1018 3601 Gregorss
1034 3540 1152 3600 qnoque
1165 3520 1203 3581 de
1215 3518 1263 3579 bis

170 3620 271 3685 tacet,
290 3609 386 3671 multo
405 3611 527 3683 leviori,
547 3620 584 3672 ut
604 3631 644 3671 ex
666 3610 791 3671 caeteris
812 3617 950 3690 apparat,
970 3608 1081 3669 tinctus
1093 3608 1263 3668 notitiare-

170 3718 241 3760 rum
256 3694 405 3758 Michaelis
417 3696 596 3778 Palaeologi,
616 3717 690 3778 ques
700 3696 760 3776 qui
773 3695 889 3778 plenius
904 3693 964 3755 boo
975 3703 1080 3755 nostro
1091 3690 1261 3767 tradiderit,

169 3785 283 3846 trustra
291 3791 460 3861 quaeretur.

255 3888 281 3929 ο.
297 3871 346 3933 12.
370 3867 413 3928 lle
424 3868 530 3928 morbo
543 3875 574 3925 et
585 3875 682 3928 morte
688 3864 840 3926 Theodori
853 3885 947 3946 panea
955 3883 1047 3946 paena
1055 3856 1258 3942 perfunctorie

168 3953 273 4016 scribit
289 3952 392 4013 absens
403 3962 478 4014 tuno
489 3952 527 4012 eb
542 3953 610 4012 aulo
628 3952 771 4032 Georgius
789 3951 974 4032 Atropolits,
993 3955 1026 4009 iu
1043 3946 1091 4007 bis
1105 3941 1257 4004 immorari

167 4038 352 4119 potissimum
373 4037 478 4098 solitus
498 4056 574 4118 quse
596 4041 738 4119 spectarit
753 4056 900 4119 praesens.
940 4032 1112 4098 brevissime
1132 4029 1205 4089 item
1222 4023 1258 4089 id

167 4123 470 4205 tremigitGregoras.
609 4136 612 4141 ’

251 4230 282 4290 p.
295 4212 336 4276 38
351 4228 381 4271 r.
396 4213 428 4277 7.
469 4211 505 4270 in
523 4209 651 4274 innoxia
666 4206 901 4288 pertractatione
910 4204 996 4286 sarri
1014 4196 1181 4260 condmtie.
1221 4193 1256 4256 id

165 4295 278 4357 serrum
289 4294 324 4357 iu
343 4294 458 4357 Graeco
471 4300 561 4357 ronst
573 4291 769 4374 Pachymeaee
780 4287 899 4374 μύδρον
915 4288 950 4354 ln
962 4282 1057 4368 καρίς
1069 4282 1130 4367 ἤδη
1145 4279 1256 4361 lisera·
