<?xml version="1.0" encoding="UTF-8"?>
<!DOCTYPE html PUBLIC "-//W3C//DTD XHTML 1.0 Transitional//EN"
    "http://www.w3.org/TR/xhtml1/DTD/xhtml1-transitional.dtd">
<html xmlns="http://www.w3.org/1999/xhtml" xml:lang="en" lang="en">
 <head>
  <title>
</title>
<meta http-equiv="Content-Type" content="text/html;charset=utf-8" />
  <meta name='ocr-system' content='tesseract 3.04.00' />
  <meta name='ocr-capabilities' content='ocr_page ocr_carea ocr_par ocr_line ocrx_word'/>
</head>
<body>
  <div class='ocr_page' id='page_1' title='image "./corpusscriptoru05berlgoog_0579.png"; bbox 0 0 3036 4840; ppageno 0'>
   <div class='ocr_carea' id='block_1_1' title="bbox 253 316 1048 417">
    <p class='ocr_par' dir='ltr' id='par_1_1' title="bbox 253 316 1048 417">
     <span class='ocr_line' id='line_1_1' title="bbox 253 316 1048 417; baseline -0.015 -1"><span class='ocrx_word' id='word_1_1' title='bbox 253 343 329 416; x_wconf 78' lang='lat'><strong>582</strong></span> <span class='ocrx_word' id='word_1_2' title='bbox 551 335 785 406; x_wconf 77' lang='lat' dir='ltr'><strong>onsnnvm.</strong></span> <span class='ocrx_word' id='word_1_3' title='bbox 809 316 1048 417; x_wconf 75' lang='lat' dir='ltr'><strong>nicenum.</strong></span> 
     </span>
    </p>
   </div>
   <div class='ocr_carea' id='block_1_2' title="bbox 251 496 1355 1947">
    <p class='ocr_par' dir='ltr' id='par_1_2' title="bbox 251 496 1355 1520">
     <span class='ocr_line' id='line_1_2' title="bbox 252 496 1355 584; baseline -0.011 -11"><span class='ocrx_word' id='word_1_4' title='bbox 252 512 331 573; x_wconf 80' lang='lat' dir='ltr'><strong>forte</strong></span> <span class='ocrx_word' id='word_1_5' title='bbox 344 508 399 570; x_wconf 86' lang='lat' dir='ltr'><strong>lux</strong></span> <span class='ocrx_word' id='word_1_6' title='bbox 417 502 505 566; x_wconf 85' lang='lat' dir='ltr'><strong>nobis</strong></span> <span class='ocrx_word' id='word_1_7' title='bbox 524 523 542 564; x_wconf 87' lang='lat' dir='ltr'><strong>s</strong></span> <span class='ocrx_word' id='word_1_8' title='bbox 561 501 657 579; x_wconf 80' lang='lat' dir='ltr'><strong>l’linio</strong></span> <span class='ocrx_word' id='word_1_9' title='bbox 672 501 802 583; x_wconf 85' lang='lat' dir='ltr'><strong>poterit,</strong></span> <span class='ocrx_word' id='word_1_10' title='bbox 823 499 875 580; x_wconf 87' lang='lat' dir='ltr'><strong>qui</strong></span> <span class='ocrx_word' id='word_1_11' title='bbox 890 500 912 560; x_wconf 92' lang='lat' dir='ltr'><strong>l.</strong></span> <span class='ocrx_word' id='word_1_12' title='bbox 925 498 945 565; x_wconf 82' lang='lat'><strong>5</strong></span> <span class='ocrx_word' id='word_1_13' title='bbox 965 519 992 560; x_wconf 87' lang='lat' dir='ltr'><strong>o.</strong></span> <span class='ocrx_word' id='word_1_14' title='bbox 1004 503 1047 567; x_wconf 77' lang='grc'><strong>30</strong></span> <span class='ocrx_word' id='word_1_15' title='bbox 1065 496 1253 561; x_wconf 78' lang='lat' dir='ltr'><strong>Helisernens</strong></span> <span class='ocrx_word' id='word_1_16' title='bbox 1277 500 1355 584; x_wconf 84' lang='lat' dir='ltr'><strong>(nisi</strong></span> 
     </span>
     <span class='ocr_line' id='line_1_3' title="bbox 251 586 1355 751; baseline -0.009 -8"><span class='ocrx_word' id='word_1_17' title='bbox 251 616 338 743; x_wconf 59' lang='lat' dir='ltr'><strong>lt?</strong></span> <span class='ocrx_word' id='word_1_18' title='bbox 350 599 562 740; x_wconf 52' lang='lat' dir='ltr'><strong>illailla</strong></span> <span class='ocrx_word' id='word_1_19' title='bbox 574 586 937 751; x_wconf 54' lang='lat' dir='ltr'><strong>lltffluttttl</strong></span> <span class='ocrx_word' id='word_1_20' title='bbox 952 587 1243 749; x_wconf 47' lang='lat' dir='ltr'><strong>satelliti}</strong></span> <span class='ocrx_word' id='word_1_21' title='bbox 1262 607 1355 733; x_wconf 69' lang='lat' dir='ltr'><strong>tl:</strong></span> 
     </span>
     <span class='ocr_line' id='line_1_4' title="bbox 252 754 1355 844; baseline -0.006 -21"><span class='ocrx_word' id='word_1_22' title='bbox 252 763 336 844; x_wconf 90' lang='lat' dir='ltr'><strong>quod</strong></span> <span class='ocrx_word' id='word_1_23' title='bbox 355 762 388 821; x_wconf 87' lang='lat' dir='ltr'><strong>in</strong></span> <span class='ocrx_word' id='word_1_24' title='bbox 409 760 507 820; x_wconf 89' lang='lat' dir='ltr'><strong>medis</strong></span> <span class='ocrx_word' id='word_1_25' title='bbox 526 757 643 839; x_wconf 81' lang='lat' dir='ltr'><strong>Thynis</strong></span> <span class='ocrx_word' id='word_1_26' title='bbox 662 767 760 817; x_wconf 87' lang='lat' dir='ltr'><strong>essent</strong></span> <span class='ocrx_word' id='word_1_27' title='bbox 773 756 859 818; x_wconf 79' lang='lat' dir='ltr'><strong>snesle</strong></span> <span class='ocrx_word' id='word_1_28' title='bbox 873 754 1042 835; x_wconf 79' lang='lat' dir='ltr'><strong>ldesotlsyni</strong></span> <span class='ocrx_word' id='word_1_29' title='bbox 1056 776 1073 814; x_wconf 93' lang='lat' dir='ltr'><strong>s</strong></span> <span class='ocrx_word' id='word_1_30' title='bbox 1087 757 1210 817; x_wconf 86' lang='lat' dir='ltr'><strong>Grsecis</strong></span> <span class='ocrx_word' id='word_1_31' title='bbox 1224 757 1283 817; x_wconf 79' lang='lat' dir='ltr'><strong>diei</strong></span> <span class='ocrx_word' id='word_1_32' title='bbox 1295 778 1355 839; x_wconf 88' lang='lat' dir='ltr'><strong>po-</strong></span> 
     </span>
     <span class='ocr_line' id='line_1_5' title="bbox 251 841 1354 924; baseline -0.006 -14"><span class='ocrx_word' id='word_1_33' title='bbox 251 848 375 909; x_wconf 73' lang='lat' dir='ltr'><strong>tuerint„</strong></span> <span class='ocrx_word' id='word_1_34' title='bbox 405 866 422 904; x_wconf 81' lang='lat' dir='ltr'><strong>s</strong></span> <span class='ocrx_word' id='word_1_35' title='bbox 437 864 496 924; x_wconf 86' lang='lat' dir='ltr'><strong>qun</strong></span> <span class='ocrx_word' id='word_1_36' title='bbox 510 841 688 924; x_wconf 69' lang='lat' dir='ltr'><strong>etymologia</strong></span> <span class='ocrx_word' id='word_1_37' title='bbox 700 844 724 903; x_wconf 87' lang='lat' dir='ltr'><strong>si</strong></span> <span class='ocrx_word' id='word_1_38' title='bbox 737 842 804 922; x_wconf 84' lang='lat' dir='ltr'><strong>quis</strong></span> <span class='ocrx_word' id='word_1_39' title='bbox 818 841 978 901; x_wconf 79' lang='lat' dir='ltr'><strong>obhorrent</strong></span> <span class='ocrx_word' id='word_1_40' title='bbox 991 841 1030 899; x_wconf 91' lang='lat' dir='ltr'><strong>ob</strong></span> <span class='ocrx_word' id='word_1_41' title='bbox 1046 841 1264 920; x_wconf 82' lang='lat' dir='ltr'><strong>disorepsntem</strong></span> <span class='ocrx_word' id='word_1_42' title='bbox 1276 844 1354 903; x_wconf 87' lang='lat' dir='ltr'><strong>sori·</strong></span> 
     </span>
     <span class='ocr_line' id='line_1_6' title="bbox 251 925 1353 1018; baseline -0.005 -26"><span class='ocrx_word' id='word_1_43' title='bbox 251 944 375 1018; x_wconf 86' lang='lat' dir='ltr'><strong>pturem</strong></span> <span class='ocrx_word' id='word_1_44' title='bbox 390 930 489 1009; x_wconf 81' lang='lat' dir='ltr'><strong>vocis,</strong></span> <span class='ocrx_word' id='word_1_45' title='bbox 510 929 628 1009; x_wconf 75' lang='lat' dir='ltr'><strong>&#39;l&#39;lrynin</strong></span> <span class='ocrx_word' id='word_1_46' title='bbox 642 947 696 1008; x_wconf 90' lang='lat' dir='ltr'><strong>per</strong></span> <span class='ocrx_word' id='word_1_47' title='bbox 708 947 730 1008; x_wconf 78' lang='lat' dir='ltr'><strong>y</strong></span> <span class='ocrx_word' id='word_1_48' title='bbox 742 927 869 1009; x_wconf 84' lang='lat' dir='ltr'><strong>scripte,</strong></span> <span class='ocrx_word' id='word_1_49' title='bbox 890 925 1031 986; x_wconf 81' lang='lat' dir='ltr'><strong>o&#39;shinis</strong></span> <span class='ocrx_word' id='word_1_50' title='bbox 1046 925 1221 1006; x_wconf 83' lang='lat' dir='ltr'><strong>Pschymeri</strong></span> <span class='ocrx_word' id='word_1_51' title='bbox 1234 947 1353 991; x_wconf 83' lang='lat' dir='ltr'><strong>memo-</strong></span> 
     </span>
     <span class='ocr_line' id='line_1_7' title="bbox 252 1011 1354 1096; baseline -0.006 -16"><span class='ocrx_word' id='word_1_52' title='bbox 252 1028 338 1093; x_wconf 75' lang='lat' dir='ltr'><strong>rste,</strong></span> <span class='ocrx_word' id='word_1_53' title='bbox 360 1035 451 1096; x_wconf 84' lang='lat' dir='ltr'><strong>quum</strong></span> <span class='ocrx_word' id='word_1_54' title='bbox 475 1014 526 1075; x_wconf 89' lang='lat' dir='ltr'><strong>ille</strong></span> <span class='ocrx_word' id='word_1_55' title='bbox 546 1014 657 1093; x_wconf 87' lang='lat' dir='ltr'><strong>ubique</strong></span> <span class='ocrx_word' id='word_1_56' title='bbox 675 1032 729 1094; x_wconf 87' lang='lat' dir='ltr'><strong>per</strong></span> <span class='ocrx_word' id='word_1_57' title='bbox 744 1013 756 1073; x_wconf 90' lang='lat' dir='ltr'><strong>i</strong></span> <span class='ocrx_word' id='word_1_58' title='bbox 772 1013 890 1089; x_wconf 82' lang='lat' dir='ltr'><strong>scribit,</strong></span> <span class='ocrx_word' id='word_1_59' title='bbox 912 1011 1038 1089; x_wconf 69' lang='lat' dir='ltr'><strong>sodpim</strong></span> <span class='ocrx_word' id='word_1_60' title='bbox 1056 1012 1140 1071; x_wconf 81' lang='lat' dir='ltr'><strong>eliud</strong></span> <span class='ocrx_word' id='word_1_61' title='bbox 1154 1012 1354 1090; x_wconf 81' lang='lat' dir='ltr'><strong>veriloquium</strong></span> 
     </span>
     <span class='ocr_line' id='line_1_8' title="bbox 252 1096 1352 1168; baseline -0.005 -6"><span class='ocrx_word' id='word_1_62' title='bbox 252 1105 287 1166; x_wconf 86' lang='lat' dir='ltr'><strong>in</strong></span> <span class='ocrx_word' id='word_1_63' title='bbox 312 1100 465 1168; x_wconf 74' lang='lat' dir='ltr'><strong>Strabonis</strong></span> <span class='ocrx_word' id='word_1_64' title='bbox 486 1099 655 1160; x_wconf 89' lang='lat' dir='ltr'><strong>testimonio</strong></span> <span class='ocrx_word' id='word_1_65' title='bbox 675 1097 843 1159; x_wconf 76' lang='lat' dir='ltr'><strong>fundatum.</strong></span> <span class='ocrx_word' id='word_1_66' title='bbox 884 1097 910 1157; x_wconf 90' lang='lat' dir='ltr'><strong>is</strong></span> <span class='ocrx_word' id='word_1_67' title='bbox 932 1098 1010 1157; x_wconf 84' lang='lat' dir='ltr'><strong>eninr</strong></span> <span class='ocrx_word' id='word_1_68' title='bbox 1024 1096 1045 1156; x_wconf 94' lang='lat' dir='ltr'><strong>l.</strong></span> <span class='ocrx_word' id='word_1_69' title='bbox 1059 1102 1099 1162; x_wconf 80' lang='grc'><strong>13</strong></span> <span class='ocrx_word' id='word_1_70' title='bbox 1111 1098 1143 1157; x_wconf 90' lang='lat' dir='ltr'><strong>in</strong></span> <span class='ocrx_word' id='word_1_71' title='bbox 1157 1097 1283 1157; x_wconf 69' lang='lat' dir='ltr'><strong>tronus</strong></span> <span class='ocrx_word' id='word_1_72' title='bbox 1296 1098 1352 1157; x_wconf 85' lang='lat' dir='ltr'><strong>de-</strong></span> 
     </span>
     <span class='ocr_line' id='line_1_9' title="bbox 253 1182 1353 1266; baseline -0.007 -16"><span class='ocrx_word' id='word_1_73' title='bbox 253 1186 417 1266; x_wconf 68' lang='lat' dir='ltr'><strong>scriptione</strong></span> <span class='ocrx_word' id='word_1_74' title='bbox 428 1185 613 1246; x_wconf 81' lang='lat' dir='ltr'><strong>dllnzonium</strong></span> <span class='ocrx_word' id='word_1_75' title='bbox 630 1184 772 1263; x_wconf 89' lang='lat' dir='ltr'><strong>oppidum</strong></span> <span class='ocrx_word' id='word_1_76' title='bbox 787 1183 963 1244; x_wconf 85' lang='lat' dir='ltr'><strong>llslisonum</strong></span> <span class='ocrx_word' id='word_1_77' title='bbox 974 1182 1118 1259; x_wconf 86' lang='lat' dir='ltr'><strong>istorum,</strong></span> <span class='ocrx_word' id='word_1_78' title='bbox 1139 1201 1213 1260; x_wconf 87' lang='lat' dir='ltr'><strong>quos</strong></span> <span class='ocrx_word' id='word_1_79' title='bbox 1228 1182 1293 1257; x_wconf 81' lang='lat' dir='ltr'><strong>elii,</strong></span> <span class='ocrx_word' id='word_1_80' title='bbox 1314 1193 1353 1244; x_wconf 86' lang='lat' dir='ltr'><strong>ut</strong></span> 
     </span>
     <span class='ocr_line' id='line_1_10' title="bbox 253 1266 1351 1346; baseline -0.008 -10"><span class='ocrx_word' id='word_1_81' title='bbox 253 1271 402 1346; x_wconf 87' lang='lat' dir='ltr'><strong>indiesri,</strong></span> <span class='ocrx_word' id='word_1_82' title='bbox 431 1269 587 1334; x_wconf 78' lang='lat' dir='ltr'><strong>Allnzonss</strong></span> <span class='ocrx_word' id='word_1_83' title='bbox 612 1278 735 1345; x_wconf 83' lang='lat' dir='ltr'><strong>voonnt,</strong></span> <span class='ocrx_word' id='word_1_84' title='bbox 764 1270 890 1329; x_wconf 84' lang='lat' dir='ltr'><strong>eolloont</strong></span> <span class='ocrx_word' id='word_1_85' title='bbox 913 1266 954 1326; x_wconf 83' lang='lat' dir='ltr'><strong>ed</strong></span> <span class='ocrx_word' id='word_1_86' title='bbox 976 1267 1093 1327; x_wconf 79' lang='lat' dir='ltr'><strong>luerem</strong></span> <span class='ocrx_word' id='word_1_87' title='bbox 1119 1267 1218 1346; x_wconf 77' lang='lat' dir='ltr'><strong>desepi</strong></span> <span class='ocrx_word' id='word_1_88' title='bbox 1239 1268 1351 1327; x_wconf 79' lang='lat' dir='ltr'><strong>amnis:</strong></span> 
     </span>
     <span class='ocr_line' id='line_1_11' title="bbox 255 1351 1350 1437; baseline -0.006 -18"><span class='ocrx_word' id='word_1_89' title='bbox 255 1359 328 1437; x_wconf 84' lang='lat' dir='ltr'><strong>quis</strong></span> <span class='ocrx_word' id='word_1_90' title='bbox 348 1356 426 1416; x_wconf 87' lang='lat' dir='ltr'><strong>enirn</strong></span> <span class='ocrx_word' id='word_1_91' title='bbox 444 1358 500 1419; x_wconf 78' lang='grc' dir='ltr'><strong>θίν</strong></span> <span class='ocrx_word' id='word_1_92' title='bbox 518 1355 604 1414; x_wconf 86' lang='lat' dir='ltr'><strong>littus</strong></span> <span class='ocrx_word' id='word_1_93' title='bbox 624 1353 743 1414; x_wconf 86' lang='lat' dir='ltr'><strong>Grsecis</strong></span> <span class='ocrx_word' id='word_1_94' title='bbox 765 1363 868 1430; x_wconf 81' lang='lat' dir='ltr'><strong>sonet,</strong></span> <span class='ocrx_word' id='word_1_95' title='bbox 889 1352 1047 1413; x_wconf 81' lang='lat' dir='ltr'><strong>Hslizonss</strong></span> <span class='ocrx_word' id='word_1_96' title='bbox 1065 1351 1147 1412; x_wconf 85' lang='lat' dir='ltr'><strong>inter</strong></span> <span class='ocrx_word' id='word_1_97' title='bbox 1163 1352 1259 1411; x_wconf 80' lang='lat' dir='ltr'><strong>littore</strong></span> <span class='ocrx_word' id='word_1_98' title='bbox 1274 1351 1350 1412; x_wconf 88' lang='lat' dir='ltr'><strong>hino</strong></span> 
     </span>
     <span class='ocr_line' id='line_1_12' title="bbox 255 1437 1351 1520; baseline -0.008 -14"><span class='ocrx_word' id='word_1_99' title='bbox 255 1442 387 1506; x_wconf 83' lang='lat' dir='ltr'><strong>fluminis</strong></span> <span class='ocrx_word' id='word_1_100' title='bbox 400 1440 504 1520; x_wconf 79' lang='lat' dir='ltr'><strong>Aeoepi</strong></span> <span class='ocrx_word' id='word_1_101' title='bbox 520 1437 592 1499; x_wconf 87' lang='lat' dir='ltr'><strong>hine</strong></span> <span class='ocrx_word' id='word_1_102' title='bbox 604 1439 795 1520; x_wconf 67' lang='lat' dir='ltr'><strong>Propontidis</strong></span> <span class='ocrx_word' id='word_1_103' title='bbox 806 1442 891 1499; x_wconf 81' lang='lat' dir='ltr'><strong>sitam</strong></span> <span class='ocrx_word' id='word_1_104' title='bbox 903 1438 1052 1517; x_wconf 78' lang='lat' dir='ltr'><strong>regionem</strong></span> <span class='ocrx_word' id='word_1_105' title='bbox 1066 1438 1223 1497; x_wconf 70' lang='lat' dir='ltr'><strong>incolentes</strong></span> <span class='ocrx_word' id='word_1_106' title='bbox 1239 1438 1351 1497; x_wconf 85' lang='lat' dir='ltr'><strong>merito</strong></span> 
     </span>
    </p>

    <p class='ocr_par' dir='ltr' id='par_1_3' title="bbox 255 1522 1355 1947">
     <span class='ocr_line' id='line_1_13' title="bbox 281 1522 1352 1591; baseline -0.006 0"><span class='ocrx_word' id='word_1_107' title='bbox 281 1532 445 1591; x_wconf 70' lang='lat' dir='ltr'><strong>teodovinus</strong></span> <span class='ocrx_word' id='word_1_108' title='bbox 466 1525 538 1585; x_wconf 85' lang='lat' dir='ltr'><strong>dieti</strong></span> <span class='ocrx_word' id='word_1_109' title='bbox 556 1524 676 1586; x_wconf 86' lang='lat' dir='ltr'><strong>fuerint.</strong></span> <span class='ocrx_word' id='word_1_110' title='bbox 719 1544 775 1585; x_wconf 91' lang='lat' dir='ltr'><strong>nec</strong></span> <span class='ocrx_word' id='word_1_111' title='bbox 792 1523 956 1585; x_wconf 77' lang='lat' dir='ltr'><strong>omittendo</strong></span> <span class='ocrx_word' id='word_1_112' title='bbox 970 1542 1009 1582; x_wconf 83' lang='lat' dir='ltr'><strong>ex</strong></span> <span class='ocrx_word' id='word_1_113' title='bbox 1024 1524 1174 1583; x_wconf 79' lang='lat' dir='ltr'><strong>oorssione</strong></span> <span class='ocrx_word' id='word_1_114' title='bbox 1191 1522 1352 1585; x_wconf 83' lang='lat' dir='ltr'><strong>declsrstio</strong></span> 
     </span>
     <span class='ocr_line' id='line_1_14' title="bbox 255 1555 1354 1689; baseline -0.004 -17"><span class='ocrx_word' id='word_1_115' title='bbox 255 1555 316 1676; x_wconf 74' lang='lat' dir='ltr'><strong>loci</strong></span> <span class='ocrx_word' id='word_1_116' title='bbox 331 1611 428 1672; x_wconf 86' lang='lat' dir='ltr'><strong>nostri</strong></span> <span class='ocrx_word' id='word_1_117' title='bbox 443 1610 573 1670; x_wconf 84' lang='lat' dir='ltr'><strong>suetoris</strong></span> <span class='ocrx_word' id='word_1_118' title='bbox 594 1630 620 1674; x_wconf 86' lang='lat' dir='ltr'><strong>e.</strong></span> <span class='ocrx_word' id='word_1_119' title='bbox 634 1613 655 1675; x_wconf 89' lang='lat'><strong>9</strong></span> <span class='ocrx_word' id='word_1_120' title='bbox 675 1607 697 1670; x_wconf 86' lang='lat' dir='ltr'><strong>l.</strong></span> <span class='ocrx_word' id='word_1_121' title='bbox 710 1615 745 1688; x_wconf 85' lang='lat'><strong>1,</strong></span> <span class='ocrx_word' id='word_1_122' title='bbox 767 1611 815 1670; x_wconf 88' lang='lat' dir='ltr'><strong>oui</strong></span> <span class='ocrx_word' id='word_1_123' title='bbox 829 1627 905 1688; x_wconf 88' lang='lat' dir='ltr'><strong>quse</strong></span> <span class='ocrx_word' id='word_1_124' title='bbox 920 1608 972 1668; x_wconf 86' lang='lat' dir='ltr'><strong>hie</strong></span> <span class='ocrx_word' id='word_1_125' title='bbox 985 1607 1116 1669; x_wconf 82' lang='lat' dir='ltr'><strong>diximus</strong></span> <span class='ocrx_word' id='word_1_126' title='bbox 1130 1609 1222 1669; x_wconf 83' lang='lat' dir='ltr'><strong>fecem</strong></span> <span class='ocrx_word' id='word_1_127' title='bbox 1235 1610 1354 1689; x_wconf 78' lang='lat' dir='ltr'><strong>preele-</strong></span> 
     </span>
     <span class='ocr_line' id='line_1_15' title="bbox 255 1686 1355 1777; baseline -0.004 -17"><span class='ocrx_word' id='word_1_128' title='bbox 255 1705 341 1761; x_wconf 68' lang='lat' dir='ltr'><strong>runt„</strong></span> <span class='ocrx_word' id='word_1_129' title='bbox 383 1695 523 1756; x_wconf 77' lang='lat' dir='ltr'><strong>scribitur</strong></span> <span class='ocrx_word' id='word_1_130' title='bbox 535 1695 577 1755; x_wconf 90' lang='lat' dir='ltr'><strong>ibi</strong></span> <span class='ocrx_word' id='word_1_131' title='bbox 589 1695 647 1756; x_wconf 78' lang='lat' dir='ltr'><strong>sic:</strong></span> <span class='ocrx_word' id='word_1_132' title='bbox 667 1688 734 1759; x_wconf 75' lang='grc' dir='ltr'><strong>τότε</strong></span> <span class='ocrx_word' id='word_1_133' title='bbox 747 1692 786 1776; x_wconf 70' lang='grc' dir='ltr'><strong>δή</strong></span> <span class='ocrx_word' id='word_1_134' title='bbox 800 1695 852 1758; x_wconf 79' lang='lat' dir='ltr'><strong>sel</strong></span> <span class='ocrx_word' id='word_1_135' title='bbox 864 1697 920 1758; x_wconf 77' lang='lat' dir='ltr'><strong>rori</strong></span> <span class='ocrx_word' id='word_1_136' title='bbox 936 1686 1146 1776; x_wconf 74' lang='lat' dir='ltr'><strong>Heloroldpoo</strong></span> <span class='ocrx_word' id='word_1_137' title='bbox 1161 1694 1205 1768; x_wconf 77' lang='lat' dir='ltr'><strong>eir</strong></span> <span class='ocrx_word' id='word_1_138' title='bbox 1217 1690 1355 1777; x_wconf 58' lang='grc' dir='ltr'><strong>κεφαλὴ</strong></span> 
     </span>
     <span class='ocr_line' id='line_1_16' title="bbox 256 1772 1355 1867; baseline -0.005 -20"><span class='ocrx_word' id='word_1_139' title='bbox 256 1780 436 1867; x_wconf 66' lang='grc' dir='ltr'><strong><em>τεταγμένου</em></strong></span> <span class='ocrx_word' id='word_1_140' title='bbox 477 1782 630 1855; x_wconf 71' lang='grc' dir='ltr'><strong>εσοθινὶας</strong></span> <span class='ocrx_word' id='word_1_141' title='bbox 650 1779 702 1842; x_wconf 77' lang='lat' dir='ltr'><strong>sol</strong></span> <span class='ocrx_word' id='word_1_142' title='bbox 725 1774 828 1844; x_wconf 69' lang='lat' dir='ltr'><strong>adesir</strong></span> <span class='ocrx_word' id='word_1_143' title='bbox 846 1772 1017 1860; x_wconf 65' lang='lat' dir='ltr'><strong>omnpotens</strong></span> <span class='ocrx_word' id='word_1_144' title='bbox 1036 1777 1154 1843; x_wconf 69' lang='lat' dir='ltr'><strong>insinno</strong></span> <span class='ocrx_word' id='word_1_145' title='bbox 1168 1776 1355 1861; x_wconf 69' lang='grc' dir='ltr'><strong>προστᾶξαν-</strong></span> 
     </span>
     <span class='ocr_line' id='line_1_17' title="bbox 256 1806 1354 1947; baseline -0.006 -15"><span class='ocrx_word' id='word_1_146' title='bbox 256 1878 327 1943; x_wconf 71' lang='lat' dir='ltr'><strong>rec,</strong></span> <span class='ocrx_word' id='word_1_147' title='bbox 347 1865 401 1930; x_wconf 74' lang='lat' dir='ltr'><strong>sel</strong></span> <span class='ocrx_word' id='word_1_148' title='bbox 422 1806 476 1929; x_wconf 70' lang='lat' dir='ltr'><strong>eol</strong></span> <span class='ocrx_word' id='word_1_149' title='bbox 486 1861 581 1929; x_wconf 72' lang='grc' dir='ltr'><strong><em>πολλὰ</em></strong></span> <span class='ocrx_word' id='word_1_150' title='bbox 600 1859 671 1927; x_wconf 76' lang='grc' dir='ltr'><strong>κατ’</strong></span> <span class='ocrx_word' id='word_1_151' title='bbox 691 1857 812 1928; x_wconf 73' lang='lat' dir='ltr'><strong>leniris</strong></span> <span class='ocrx_word' id='word_1_152' title='bbox 833 1858 1017 1947; x_wconf 73' lang='grc' dir='ltr'><strong><em>πράττοντος</em></strong></span> <span class='ocrx_word' id='word_1_153' title='bbox 1035 1872 1094 1928; x_wconf 85' lang='lat' dir='ltr'><strong>etc.</strong></span> <span class='ocrx_word' id='word_1_154' title='bbox 1135 1875 1280 1925; x_wconf 86' lang='lat' dir='ltr'><strong>nsrrstur</strong></span> <span class='ocrx_word' id='word_1_155' title='bbox 1297 1864 1354 1925; x_wconf 85' lang='lat' dir='ltr'><strong>illio</strong></span> 
     </span>
    </p>
   </div>
   <div class='ocr_carea' id='block_1_3' title="bbox 257 1949 1359 2525">
    <p class='ocr_par' dir='ltr' id='par_1_4' title="bbox 257 1949 1359 2525">
     <span class='ocr_line' id='line_1_18' title="bbox 257 1949 1355 2029; baseline -0.006 -13"><span class='ocrx_word' id='word_1_156' title='bbox 257 1952 432 2016; x_wconf 71' lang='lat' dir='ltr'><strong>michaelem</strong></span> <span class='ocrx_word' id='word_1_157' title='bbox 458 1950 659 2029; x_wconf 83' lang='lat' dir='ltr'><strong>Pslaeologum</strong></span> <span class='ocrx_word' id='word_1_158' title='bbox 679 1958 746 2010; x_wconf 88' lang='lat' dir='ltr'><strong>tum</strong></span> <span class='ocrx_word' id='word_1_159' title='bbox 771 1970 840 2012; x_wconf 87' lang='lat' dir='ltr'><strong>eum</strong></span> <span class='ocrx_word' id='word_1_160' title='bbox 865 1949 993 2011; x_wconf 77' lang='lat' dir='ltr'><strong>maxime</strong></span> <span class='ocrx_word' id='word_1_161' title='bbox 1010 1969 1046 2010; x_wconf 88' lang='lat' dir='ltr'><strong>sc</strong></span> <span class='ocrx_word' id='word_1_162' title='bbox 1065 1958 1187 2010; x_wconf 73' lang='lat' dir='ltr'><strong>suenus</strong></span> <span class='ocrx_word' id='word_1_163' title='bbox 1203 1959 1355 2010; x_wconf 77' lang='lat' dir='ltr'><strong>exerceret</strong></span> 
     </span>
     <span class='ocr_line' id='line_1_19' title="bbox 258 2034 1356 2120; baseline -0.002 -23"><span class='ocrx_word' id='word_1_164' title='bbox 258 2034 478 2120; x_wconf 75' lang='lat' dir='ltr'><strong>praefecturam</strong></span> <span class='ocrx_word' id='word_1_165' title='bbox 498 2036 553 2095; x_wconf 90' lang='lat' dir='ltr'><strong>sibi</strong></span> <span class='ocrx_word' id='word_1_166' title='bbox 574 2035 716 2095; x_wconf 85' lang='lat' dir='ltr'><strong>creditsm</strong></span> <span class='ocrx_word' id='word_1_167' title='bbox 737 2036 941 2096; x_wconf 73' lang='lat' dir='ltr'><strong>Romanorum</strong></span> <span class='ocrx_word' id='word_1_168' title='bbox 963 2034 1116 2115; x_wconf 74' lang='lat' dir='ltr'><strong>copiarum</strong></span> <span class='ocrx_word' id='word_1_169' title='bbox 1137 2044 1245 2095; x_wconf 87' lang='lat' dir='ltr'><strong>oontrs</strong></span> <span class='ocrx_word' id='word_1_170' title='bbox 1265 2036 1356 2095; x_wconf 87' lang='lat' dir='ltr'><strong>ltslos</strong></span> 
     </span>
     <span class='ocr_line' id='line_1_20' title="bbox 257 2119 1357 2206; baseline -0.002 -24"><span class='ocrx_word' id='word_1_171' title='bbox 257 2122 474 2206; x_wconf 79' lang='lat' dir='ltr'><strong>pugnentium,</strong></span> <span class='ocrx_word' id='word_1_172' title='bbox 502 2122 649 2181; x_wconf 87' lang='lat' dir='ltr'><strong>monitum</strong></span> <span class='ocrx_word' id='word_1_173' title='bbox 670 2141 688 2179; x_wconf 90' lang='lat' dir='ltr'><strong>s</strong></span> <span class='ocrx_word' id='word_1_174' title='bbox 709 2121 786 2201; x_wconf 79' lang='lat' dir='ltr'><strong>Coty</strong></span> <span class='ocrx_word' id='word_1_175' title='bbox 811 2120 943 2202; x_wconf 76' lang='lat' dir='ltr'><strong>quodum</strong></span> <span class='ocrx_word' id='word_1_176' title='bbox 963 2119 1002 2179; x_wconf 91' lang='lat' dir='ltr'><strong>de</strong></span> <span class='ocrx_word' id='word_1_177' title='bbox 1024 2119 1147 2180; x_wconf 89' lang='lat' dir='ltr'><strong>oonsilio</strong></span> <span class='ocrx_word' id='word_1_178' title='bbox 1168 2121 1357 2200; x_wconf 76' lang='lat' dir='ltr'><strong>imperatoris</strong></span> 
     </span>
     <span class='ocr_line' id='line_1_21' title="bbox 260 2204 1358 2287; baseline -0.001 -20"><span class='ocrx_word' id='word_1_179' title='bbox 260 2225 422 2267; x_wconf 84' lang='lat' dir='ltr'><strong>exoueoere</strong></span> <span class='ocrx_word' id='word_1_180' title='bbox 441 2207 539 2287; x_wconf 89' lang='lat' dir='ltr'><strong>ipsum</strong></span> <span class='ocrx_word' id='word_1_181' title='bbox 559 2205 691 2286; x_wconf 77' lang='lat' dir='ltr'><strong>parentis</strong></span> <span class='ocrx_word' id='word_1_182' title='bbox 701 2206 807 2287; x_wconf 79' lang='lat' dir='ltr'><strong>fugisse</strong></span> <span class='ocrx_word' id='word_1_183' title='bbox 818 2226 886 2267; x_wconf 86' lang='lat' dir='ltr'><strong>eum</strong></span> <span class='ocrx_word' id='word_1_184' title='bbox 899 2205 1047 2266; x_wconf 87' lang='lat' dir='ltr'><strong>monitore</strong></span> <span class='ocrx_word' id='word_1_185' title='bbox 1059 2204 1092 2265; x_wconf 90' lang='lat' dir='ltr'><strong>in</strong></span> <span class='ocrx_word' id='word_1_186' title='bbox 1103 2205 1262 2269; x_wconf 84' lang='lat' dir='ltr'><strong>Persidem.</strong></span> <span class='ocrx_word' id='word_1_187' title='bbox 1305 2205 1358 2266; x_wconf 84' lang='lat' dir='ltr'><strong>sed</strong></span> 
     </span>
     <span class='ocr_line' id='line_1_22' title="bbox 259 2286 1359 2394; baseline 0 -42"><span class='ocrx_word' id='word_1_188' title='bbox 259 2292 335 2371; x_wconf 86' lang='lat' dir='ltr'><strong>qnid</strong></span> <span class='ocrx_word' id='word_1_189' title='bbox 356 2292 415 2354; x_wconf 87' lang='lat' dir='ltr'><strong>ribi</strong></span> <span class='ocrx_word' id='word_1_190' title='bbox 431 2291 498 2352; x_wconf 84' lang='lat' dir='ltr'><strong>vult</strong></span> <span class='ocrx_word' id='word_1_191' title='bbox 518 2292 600 2371; x_wconf 89' lang='lat' dir='ltr'><strong>qnod</strong></span> <span class='ocrx_word' id='word_1_192' title='bbox 619 2292 807 2394; x_wconf 67' lang='lat' dir='ltr'><strong>Pslseolopus</strong></span> <span class='ocrx_word' id='word_1_193' title='bbox 826 2292 870 2366; x_wconf 74' lang='grc' dir='ltr'><strong>εἰς</strong></span> <span class='ocrx_word' id='word_1_194' title='bbox 886 2286 1026 2371; x_wconf 67' lang='grc' dir='ltr'><strong>κεφαλήν</strong></span> <span class='ocrx_word' id='word_1_195' title='bbox 1047 2290 1222 2373; x_wconf 69' lang='grc' dir='ltr'><strong>τειαγμένος</strong></span> <span class='ocrx_word' id='word_1_196' title='bbox 1247 2291 1359 2352; x_wconf 83' lang='lat' dir='ltr'><strong>dieitur</strong></span> 
     </span>
     <span class='ocr_line' id='line_1_23' title="bbox 258 2371 1357 2525; baseline -0.002 -87"><span class='ocrx_word' id='word_1_197' title='bbox 258 2377 440 2525; x_wconf 52' lang='lat' dir='ltr'><strong>modestior</strong></span> <span class='ocrx_word' id='word_1_198' title='bbox 457 2374 509 2438; x_wconf 77' lang='lat' dir='ltr'><strong>stol</strong></span> <span class='ocrx_word' id='word_1_199' title='bbox 530 2371 632 2439; x_wconf 67' lang='grc' dir='ltr'><em>αὐτῶν</em></span> <span class='ocrx_word' id='word_1_200' title='bbox 652 2371 828 2458; x_wconf 73' lang='grc' dir='ltr'><strong><em>ὁπτιματων.</em></strong></span> <span class='ocrx_word' id='word_1_201' title='bbox 868 2375 1010 2436; x_wconf 76' lang='lat' dir='ltr'><strong>traditum</strong></span> <span class='ocrx_word' id='word_1_202' title='bbox 1026 2375 1070 2436; x_wconf 89' lang='lat' dir='ltr'><strong>illi</strong></span> <span class='ocrx_word' id='word_1_203' title='bbox 1087 2377 1177 2435; x_wconf 84' lang='lat' dir='ltr'><strong>fuisso</strong></span> <span class='ocrx_word' id='word_1_204' title='bbox 1193 2377 1357 2455; x_wconf 78' lang='lat' dir='ltr'><strong>regendsm</strong></span> 
     </span>
    </p>
   </div>
   <div class='ocr_carea' id='block_1_4' title="bbox 176 2459 1361 4414">
    <p class='ocr_par' dir='ltr' id='par_1_5' title="bbox 176 2459 1361 4414">
     <span class='ocr_line' id='line_1_24' title="bbox 324 2459 1356 2540; baseline 0.003 -24"><span class='ocrx_word' id='word_1_205' title='bbox 324 2459 470 2518; x_wconf 84' lang='lat' dir='ltr'><strong>othininm</strong></span> <span class='ocrx_word' id='word_1_206' title='bbox 482 2460 670 2540; x_wconf 77' lang='lat' dir='ltr'><strong>provinciam</strong></span> <span class='ocrx_word' id='word_1_207' title='bbox 683 2462 765 2522; x_wconf 90' lang='lat' dir='ltr'><strong>nulls</strong></span> <span class='ocrx_word' id='word_1_208' title='bbox 781 2480 909 2540; x_wconf 78' lang='lat' dir='ltr'><strong>usquam</strong></span> <span class='ocrx_word' id='word_1_209' title='bbox 925 2460 995 2521; x_wconf 86' lang='lat' dir='ltr'><strong>nlibi</strong></span> <span class='ocrx_word' id='word_1_210' title='bbox 1008 2471 1052 2521; x_wconf 85' lang='lat' dir='ltr'><strong>est</strong></span> <span class='ocrx_word' id='word_1_211' title='bbox 1064 2460 1182 2519; x_wconf 88' lang='lat' dir='ltr'><strong>mentio.</strong></span> <span class='ocrx_word' id='word_1_212' title='bbox 1224 2470 1256 2519; x_wconf 87' lang='lat' dir='ltr'><strong>et</strong></span> <span class='ocrx_word' id='word_1_213' title='bbox 1276 2481 1356 2539; x_wconf 93' lang='lat' dir='ltr'><strong>pro-</strong></span> 
     </span>
     <span class='ocr_line' id='line_1_25' title="bbox 259 2542 1352 2628; baseline -0.004 -22"><span class='ocrx_word' id='word_1_214' title='bbox 259 2542 390 2606; x_wconf 75' lang='lat' dir='ltr'><strong>vinciam</strong></span> <span class='ocrx_word' id='word_1_215' title='bbox 402 2542 452 2602; x_wconf 88' lang='lat' dir='ltr'><strong>hie</strong></span> <span class='ocrx_word' id='word_1_216' title='bbox 465 2545 527 2604; x_wconf 86' lang='lat' dir='ltr'><strong>sire</strong></span> <span class='ocrx_word' id='word_1_217' title='bbox 540 2545 689 2625; x_wconf 81' lang='lat' dir='ltr'><strong>regionem</strong></span> <span class='ocrx_word' id='word_1_218' title='bbox 702 2548 880 2628; x_wconf 78' lang='grc' dir='ltr'><strong><em>μεσοθινίας</em></strong></span> <span class='ocrx_word' id='word_1_219' title='bbox 892 2546 1037 2607; x_wconf 72' lang='lat' dir='ltr'><strong>vocabulo</strong></span> <span class='ocrx_word' id='word_1_220' title='bbox 1047 2544 1166 2603; x_wconf 86' lang='lat' dir='ltr'><strong>indioeri</strong></span> <span class='ocrx_word' id='word_1_221' title='bbox 1173 2585 1182 2617; x_wconf 91' lang='lat'><em>,</em></span> <span class='ocrx_word' id='word_1_222' title='bbox 1203 2544 1257 2603; x_wconf 84' lang='lat' dir='ltr'><strong>vix</strong></span> <span class='ocrx_word' id='word_1_223' title='bbox 1271 2546 1352 2604; x_wconf 78' lang='lat' dir='ltr'><strong>ses-st</strong></span> 
     </span>
     <span class='ocr_line' id='line_1_26' title="bbox 176 2627 1351 2711; baseline 0.001 -26"><span class='ocrx_word' id='word_1_224' title='bbox 176 2674 182 2685; x_wconf 91' lang='lat'>.</span> <span class='ocrx_word' id='word_1_225' title='bbox 260 2627 403 2689; x_wconf 82' lang='lat' dir='ltr'><strong>continue</strong></span> <span class='ocrx_word' id='word_1_226' title='bbox 417 2627 558 2688; x_wconf 85' lang='lat' dir='ltr'><strong>sdinnots</strong></span> <span class='ocrx_word' id='word_1_227' title='bbox 569 2628 680 2691; x_wconf 87' lang='lat' dir='ltr'><strong>mentio</strong></span> <span class='ocrx_word' id='word_1_228' title='bbox 702 2652 719 2689; x_wconf 91' lang='lat' dir='ltr'><strong>o</strong></span> <span class='ocrx_word' id='word_1_229' title='bbox 740 2634 901 2708; x_wconf 78' lang='lat' dir='ltr'><strong>rimarum,</strong></span> <span class='ocrx_word' id='word_1_230' title='bbox 922 2640 953 2691; x_wconf 93' lang='lat' dir='ltr'><strong>et</strong></span> <span class='ocrx_word' id='word_1_231' title='bbox 967 2630 1079 2711; x_wconf 88' lang='lat' dir='ltr'><strong>quidem</strong></span> <span class='ocrx_word' id='word_1_232' title='bbox 1093 2648 1159 2688; x_wconf 86' lang='lat' dir='ltr'><strong>oum</strong></span> <span class='ocrx_word' id='word_1_233' title='bbox 1170 2631 1351 2708; x_wconf 77' lang='lat' dir='ltr'><strong>pronomine</strong></span> 
     </span>
     <span class='ocr_line' id='line_1_27' title="bbox 260 2708 1350 2797; baseline -0.001 -23"><span class='ocrx_word' id='word_1_234' title='bbox 260 2717 416 2796; x_wconf 69' lang='lat' dir='ltr'><strong>spretum,</strong></span> <span class='ocrx_word' id='word_1_235' title='bbox 436 2711 490 2776; x_wconf 78' lang='lat' dir='ltr'><strong>soni</strong></span> <span class='ocrx_word' id='word_1_236' title='bbox 502 2708 795 2797; x_wconf 71' lang='grc' dir='ltr'><strong>αὕτῶνδπτιματων.</strong></span> <span class='ocrx_word' id='word_1_237' title='bbox 838 2714 912 2795; x_wconf 87' lang='lat' dir='ltr'><strong>quid</strong></span> <span class='ocrx_word' id='word_1_238' title='bbox 924 2715 975 2777; x_wconf 90' lang='lat' dir='ltr'><strong>hic</strong></span> <span class='ocrx_word' id='word_1_239' title='bbox 989 2714 1132 2777; x_wconf 83' lang='lat' dir='ltr'><strong>dicemus&#39;l</strong></span> <span class='ocrx_word' id='word_1_240' title='bbox 1172 2711 1350 2790; x_wconf 72' lang='lat' dir='ltr'><strong>aliudesse,</strong></span> 
     </span>
     <span class='ocr_line' id='line_1_28' title="bbox 261 2798 1354 2883; baseline -0.002 -24"><span class='ocrx_word' id='word_1_241' title='bbox 261 2808 423 2883; x_wconf 82' lang='lat' dir='ltr'><strong>postquem</strong></span> <span class='ocrx_word' id='word_1_242' title='bbox 433 2798 528 2860; x_wconf 86' lang='lat' dir='ltr'><strong>mults</strong></span> <span class='ocrx_word' id='word_1_243' title='bbox 541 2799 711 2879; x_wconf 82' lang='lat' dir='ltr'><strong>disquisiri‚</strong></span> <span class='ocrx_word' id='word_1_244' title='bbox 734 2819 797 2861; x_wconf 91' lang='lat' dir='ltr'><strong>non</strong></span> <span class='ocrx_word' id='word_1_245' title='bbox 815 2803 947 2863; x_wconf 85' lang='lat' dir='ltr'><strong>oeeurrit</strong></span> <span class='ocrx_word' id='word_1_246' title='bbox 959 2801 1015 2862; x_wconf 83' lang='lat' dir='ltr'><strong>nisi</strong></span> <span class='ocrx_word' id='word_1_247' title='bbox 1029 2798 1201 2883; x_wconf 70' lang='lat' dir='ltr'><strong>pssodsrlos</strong></span> <span class='ocrx_word' id='word_1_248' title='bbox 1213 2798 1265 2859; x_wconf 86' lang='lat' dir='ltr'><strong>hie</strong></span> <span class='ocrx_word' id='word_1_249' title='bbox 1276 2799 1354 2880; x_wconf 89' lang='lat' dir='ltr'><strong>poni</strong></span> 
     </span>
     <span class='ocr_line' id='line_1_29' title="bbox 262 2884 1357 2968; baseline 0.001 -24"><span class='ocrx_word' id='word_1_250' title='bbox 262 2905 321 2968; x_wconf 86' lang='lat' dir='ltr'><strong>pro</strong></span> <span class='ocrx_word' id='word_1_251' title='bbox 336 2884 449 2964; x_wconf 81' lang='lat' dir='ltr'><strong>legione</strong></span> <span class='ocrx_word' id='word_1_252' title='bbox 469 2884 596 2963; x_wconf 79' lang='lat' dir='ltr'><strong>quodem</strong></span> <span class='ocrx_word' id='word_1_253' title='bbox 614 2895 668 2946; x_wconf 86' lang='lat' dir='ltr'><strong>eut</strong></span> <span class='ocrx_word' id='word_1_254' title='bbox 682 2895 767 2967; x_wconf 86' lang='lat' dir='ltr'><strong>perte</strong></span> <span class='ocrx_word' id='word_1_255' title='bbox 783 2887 985 2948; x_wconf 74' lang='lat' dir='ltr'><strong>Romanarum</strong></span> <span class='ocrx_word' id='word_1_256' title='bbox 1007 2886 1159 2966; x_wconf 80' lang='lat' dir='ltr'><strong>copiosum</strong></span> <span class='ocrx_word' id='word_1_257' title='bbox 1171 2902 1210 2944; x_wconf 80' lang='lat' dir='ltr'><strong>ex</strong></span> <span class='ocrx_word' id='word_1_258' title='bbox 1220 2885 1258 2945; x_wconf 89' lang='lat' dir='ltr'><strong>iis</strong></span> <span class='ocrx_word' id='word_1_259' title='bbox 1277 2903 1357 2945; x_wconf 84' lang='lat' dir='ltr'><strong>eon·</strong></span> 
     </span>
     <span class='ocr_line' id='line_1_30' title="bbox 263 2969 1359 3052; baseline -0.003 -19"><span class='ocrx_word' id='word_1_260' title='bbox 263 2971 338 3033; x_wconf 87' lang='lat' dir='ltr'><strong>flsts</strong></span> <span class='ocrx_word' id='word_1_261' title='bbox 357 2969 498 3031; x_wconf 89' lang='lat' dir='ltr'><strong>militibus</strong></span> <span class='ocrx_word' id='word_1_262' title='bbox 518 2970 571 3049; x_wconf 89' lang='lat' dir='ltr'><strong>qui</strong></span> <span class='ocrx_word' id='word_1_263' title='bbox 591 2970 800 3031; x_wconf 86' lang='lat' dir='ltr'><strong>ldesothinitse</strong></span> <span class='ocrx_word' id='word_1_264' title='bbox 818 2972 935 3052; x_wconf 78' lang='lat' dir='ltr'><strong>vulgari</strong></span> <span class='ocrx_word' id='word_1_265' title='bbox 953 2974 1051 3051; x_wconf 77' lang='lat' dir='ltr'><strong>lingus</strong></span> <span class='ocrx_word' id='word_1_266' title='bbox 1073 2971 1257 3031; x_wconf 86' lang='lat' dir='ltr'><strong>dieebsntur.</strong></span> <span class='ocrx_word' id='word_1_267' title='bbox 1296 2969 1359 3030; x_wconf 86' lang='lat' dir='ltr'><strong>lroo</strong></span> 
     </span>
     <span class='ocr_line' id='line_1_31' title="bbox 263 3055 1360 3135; baseline 0 -20"><span class='ocrx_word' id='word_1_268' title='bbox 263 3055 389 3116; x_wconf 78' lang='lat' dir='ltr'><strong>videtur</strong></span> <span class='ocrx_word' id='word_1_269' title='bbox 400 3075 455 3116; x_wconf 88' lang='lat' dir='ltr'><strong>nos</strong></span> <span class='ocrx_word' id='word_1_270' title='bbox 468 3055 575 3116; x_wconf 86' lang='lat' dir='ltr'><strong>dooere</strong></span> <span class='ocrx_word' id='word_1_271' title='bbox 588 3065 689 3118; x_wconf 88' lang='lat' dir='ltr'><strong>noster</strong></span> <span class='ocrx_word' id='word_1_272' title='bbox 702 3066 821 3135; x_wconf 82' lang='lat' dir='ltr'><strong>ructor,</strong></span> <span class='ocrx_word' id='word_1_273' title='bbox 844 3057 916 3117; x_wconf 89' lang='lat' dir='ltr'><strong>dum</strong></span> <span class='ocrx_word' id='word_1_274' title='bbox 930 3058 982 3118; x_wconf 93' lang='lat' dir='ltr'><strong>illo</strong></span> <span class='ocrx_word' id='word_1_275' title='bbox 1000 3078 1026 3117; x_wconf 77' lang='lat' dir='ltr'><strong>e</strong></span> <span class='ocrx_word' id='word_1_276' title='bbox 1038 3061 1081 3121; x_wconf 78' lang='lat'><strong>27</strong></span> <span class='ocrx_word' id='word_1_277' title='bbox 1096 3057 1118 3121; x_wconf 82' lang='lat' dir='ltr'><strong>l</strong></span> <span class='ocrx_word' id='word_1_278' title='bbox 1133 3057 1155 3120; x_wconf 79' lang='lat'>4</span> <span class='ocrx_word' id='word_1_279' title='bbox 1171 3058 1214 3117; x_wconf 86' lang='lat' dir='ltr'><strong>sie</strong></span> <span class='ocrx_word' id='word_1_280' title='bbox 1226 3056 1360 3133; x_wconf 86' lang='lat' dir='ltr'><strong>loquitur</strong></span> 
     </span>
     <span class='ocr_line' id='line_1_32' title="bbox 263 3141 1359 3222; baseline 0.002 -23"><span class='ocrx_word' id='word_1_281' title='bbox 263 3154 305 3199; x_wconf 82' lang='lat' dir='ltr'><strong>ex</strong></span> <span class='ocrx_word' id='word_1_282' title='bbox 323 3142 459 3201; x_wconf 80' lang='lat' dir='ltr'><strong>versione</strong></span> <span class='ocrx_word' id='word_1_283' title='bbox 477 3149 593 3217; x_wconf 86' lang='lat' dir='ltr'><strong>nostre,</strong></span> <span class='ocrx_word' id='word_1_284' title='bbox 614 3142 653 3203; x_wconf 88' lang='lat' dir='ltr'><strong>de</strong></span> <span class='ocrx_word' id='word_1_285' title='bbox 671 3143 811 3203; x_wconf 77' lang='lat' dir='ltr'><strong>Romanis</strong></span> <span class='ocrx_word' id='word_1_286' title='bbox 826 3162 913 3222; x_wconf 81' lang='lat' dir='ltr'><strong>egens</strong></span> <span class='ocrx_word' id='word_1_287' title='bbox 925 3143 1016 3222; x_wconf 86' lang='lat' dir='ltr'><strong>copiis</strong></span> <span class='ocrx_word' id='word_1_288' title='bbox 1033 3141 1222 3202; x_wconf 79' lang='lat' dir='ltr'><strong>validissimis</strong></span> <span class='ocrx_word' id='word_1_289' title='bbox 1242 3141 1359 3201; x_wconf 87' lang='lat' dir='ltr'><strong>losnnis</strong></span> 
     </span>
     <span class='ocr_line' id='line_1_33' title="bbox 264 3223 1359 3310; baseline 0.004 -28"><span class='ocrx_word' id='word_1_290' title='bbox 264 3223 405 3301; x_wconf 87' lang='lat' dir='ltr'><strong>despotse</strong></span> <span class='ocrx_word' id='word_1_291' title='bbox 429 3226 534 3287; x_wconf 85' lang='lat' dir='ltr'><strong>ductui</strong></span> <span class='ocrx_word' id='word_1_292' title='bbox 553 3227 715 3308; x_wconf 84' lang='lat' dir='ltr'><strong>permissis:</strong></span> <span class='ocrx_word' id='word_1_293' title='bbox 736 3228 927 3309; x_wconf 78' lang='lat' dir='ltr'><strong>oonjlobatur</strong></span> <span class='ocrx_word' id='word_1_294' title='bbox 938 3228 990 3287; x_wconf 73' lang='lat' dir='ltr'><strong>loir</strong></span> <span class='ocrx_word' id='word_1_295' title='bbox 1001 3230 1149 3287; x_wconf 72' lang='lat' dir='ltr'><strong>aeroitus</strong></span> <span class='ocrx_word' id='word_1_296' title='bbox 1164 3248 1200 3287; x_wconf 73' lang='lat' dir='ltr'><strong>es</strong></span> <span class='ocrx_word' id='word_1_297' title='bbox 1216 3224 1359 3310; x_wconf 54' lang='grc' dir='ltr'><em>ὠγκω-</em></span> 
     </span>
     <span class='ocr_line' id='line_1_34' title="bbox 265 3306 1358 3394; baseline 0.006 -29"><span class='ocrx_word' id='word_1_298' title='bbox 265 3306 353 3365; x_wconf 75' lang='lat' dir='ltr'><strong>tibus</strong></span> <span class='ocrx_word' id='word_1_299' title='bbox 366 3312 543 3390; x_wconf 77' lang='lat' dir='ltr'><strong>corporibus</strong></span> <span class='ocrx_word' id='word_1_300' title='bbox 553 3323 582 3372; x_wconf 82' lang='lat' dir='ltr'><strong>et</strong></span> <span class='ocrx_word' id='word_1_301' title='bbox 593 3314 677 3373; x_wconf 73' lang='lat' dir='ltr'><strong>velut</strong></span> <span class='ocrx_word' id='word_1_302' title='bbox 688 3313 825 3394; x_wconf 62' lang='lat' dir='ltr'><strong>collegite</strong></span> <span class='ocrx_word' id='word_1_303' title='bbox 844 3314 980 3373; x_wconf 77' lang='lat' dir='ltr'><strong>militum</strong></span> <span class='ocrx_word' id='word_1_304' title='bbox 1001 3356 1010 3373; x_wconf 86' lang='lat'><strong>.</strong></span> <span class='ocrx_word' id='word_1_305' title='bbox 1023 3357 1032 3372; x_wconf 86' lang='lat'><strong>.</strong></span> <span class='ocrx_word' id='word_1_306' title='bbox 1046 3353 1055 3371; x_wconf 85' lang='lat'><strong>·</strong></span> <span class='ocrx_word' id='word_1_307' title='bbox 1070 3355 1079 3377; x_wconf 82' lang='grc'><strong>.</strong></span> <span class='ocrx_word' id='word_1_308' title='bbox 1100 3332 1196 3372; x_wconf 73' lang='lat' dir='ltr'><strong>unm</strong></span> <span class='ocrx_word' id='word_1_309' title='bbox 1215 3323 1281 3371; x_wconf 75' lang='lat' dir='ltr'><strong>eras</strong></span> <span class='ocrx_word' id='word_1_310' title='bbox 1292 3315 1358 3372; x_wconf 84' lang='lat' dir='ltr'><strong>Pu-</strong></span> 
     </span>
     <span class='ocr_line' id='line_1_35' title="bbox 261 3390 1359 3479; baseline 0.007 -32"><span class='ocrx_word' id='word_1_311' title='bbox 261 3390 485 3473; x_wconf 76' lang='lat' dir='ltr'><strong>phlugonioum</strong></span> <span class='ocrx_word' id='word_1_312' title='bbox 506 3441 585 3459; x_wconf 84' lang='lat'><strong>....</strong></span> <span class='ocrx_word' id='word_1_313' title='bbox 606 3395 700 3457; x_wconf 80' lang='lat' dir='ltr'><strong>aliud</strong></span> <span class='ocrx_word' id='word_1_314' title='bbox 718 3418 789 3457; x_wconf 81' lang='lat' dir='ltr'><strong>oum</strong></span> <span class='ocrx_word' id='word_1_315' title='bbox 806 3408 834 3457; x_wconf 74' lang='lat' dir='ltr'><strong>et</strong></span> <span class='ocrx_word' id='word_1_316' title='bbox 855 3403 957 3479; x_wconf 75' lang='lat' dir='ltr'><strong>speum</strong></span> <span class='ocrx_word' id='word_1_317' title='bbox 979 3395 1180 3457; x_wconf 77' lang='lat' dir='ltr'><strong>multitudine</strong></span> <span class='ocrx_word' id='word_1_318' title='bbox 1198 3407 1266 3457; x_wconf 77' lang='lat' dir='ltr'><strong>tum</strong></span> <span class='ocrx_word' id='word_1_319' title='bbox 1282 3400 1315 3457; x_wconf 75' lang='lat' dir='ltr'><strong>ui</strong></span> <span class='ocrx_word' id='word_1_320' title='bbox 1330 3405 1359 3455; x_wconf 81' lang='lat' dir='ltr'><strong>et</strong></span> 
     </span>
     <span class='ocr_line' id='line_1_36' title="bbox 266 3481 1359 3563; baseline 0.006 -28"><span class='ocrx_word' id='word_1_321' title='bbox 266 3484 335 3535; x_wconf 79' lang='lat' dir='ltr'><strong>urle</strong></span> <span class='ocrx_word' id='word_1_322' title='bbox 349 3481 656 3559; x_wconf 54' lang='lat' dir='ltr'><strong>praemonendam,</strong></span> <span class='ocrx_word' id='word_1_323' title='bbox 677 3503 711 3542; x_wconf 77' lang='lat' dir='ltr'><strong>ex</strong></span> <span class='ocrx_word' id='word_1_324' title='bbox 723 3483 945 3560; x_wconf 71' lang='grc' dir='ltr'><strong>Ηαὶἱιοηίὀιιε,</strong></span> <span class='ocrx_word' id='word_1_325' title='bbox 967 3503 1042 3563; x_wconf 82' lang='lat' dir='ltr'><strong>quos</strong></span> <span class='ocrx_word' id='word_1_326' title='bbox 1052 3483 1271 3542; x_wconf 78' lang='lat' dir='ltr'><strong>Mesotdinitue</strong></span> <span class='ocrx_word' id='word_1_327' title='bbox 1287 3482 1359 3563; x_wconf 59' lang='lat' dir='ltr'><strong>suth</strong></span> 
     </span>
     <span class='ocr_line' id='line_1_37' title="bbox 264 3558 1358 3647; baseline 0.01 -31"><span class='ocrx_word' id='word_1_328' title='bbox 264 3579 343 3641; x_wconf 78' lang='lat' dir='ltr'><strong>gun</strong></span> <span class='ocrx_word' id='word_1_329' title='bbox 356 3558 441 3619; x_wconf 80' lang='lat' dir='ltr'><strong>dicat</strong></span> <span class='ocrx_word' id='word_1_330' title='bbox 452 3563 578 3626; x_wconf 79' lang='lat' dir='ltr'><strong>idioma.</strong></span> <span class='ocrx_word' id='word_1_331' title='bbox 608 3568 731 3646; x_wconf 90' lang='lat' dir='ltr'><strong>enquid</strong></span> <span class='ocrx_word' id='word_1_332' title='bbox 746 3567 920 3629; x_wconf 84' lang='lat' dir='ltr'><strong>Mesothinio</strong></span> <span class='ocrx_word' id='word_1_333' title='bbox 931 3567 1006 3628; x_wconf 88' lang='lat' dir='ltr'><strong>hseo</strong></span> <span class='ocrx_word' id='word_1_334' title='bbox 1018 3567 1107 3628; x_wconf 89' lang='lat' dir='ltr'><strong>suerit</strong></span> <span class='ocrx_word' id='word_1_335' title='bbox 1121 3569 1170 3627; x_wconf 88' lang='lat' dir='ltr'><strong>oui</strong></span> <span class='ocrx_word' id='word_1_336' title='bbox 1183 3577 1259 3627; x_wconf 86' lang='lat' dir='ltr'><strong>tune</strong></span> <span class='ocrx_word' id='word_1_337' title='bbox 1271 3584 1358 3647; x_wconf 83' lang='lat' dir='ltr'><strong>prse-</strong></span> 
     </span>
     <span class='ocr_line' id='line_1_38' title="bbox 267 3643 1357 3735; baseline 0.006 -31"><span class='ocrx_word' id='word_1_338' title='bbox 267 3644 383 3727; x_wconf 86' lang='lat' dir='ltr'><strong>positus</strong></span> <span class='ocrx_word' id='word_1_339' title='bbox 393 3643 714 3732; x_wconf 72' lang='lat' dir='ltr'><strong>Miehsdll&#39;slseologus</strong></span> <span class='ocrx_word' id='word_1_340' title='bbox 729 3654 765 3712; x_wconf 81' lang='lat' dir='ltr'><strong>ab</strong></span> <span class='ocrx_word' id='word_1_341' title='bbox 779 3653 957 3735; x_wconf 74' lang='lat' dir='ltr'><strong>imperatore</strong></span> <span class='ocrx_word' id='word_1_342' title='bbox 977 3654 1089 3713; x_wconf 78' lang='lat' dir='ltr'><strong>fueret:</strong></span> <span class='ocrx_word' id='word_1_343' title='bbox 1109 3672 1172 3711; x_wconf 86' lang='lat' dir='ltr'><strong>non</strong></span> <span class='ocrx_word' id='word_1_344' title='bbox 1192 3652 1290 3731; x_wconf 67' lang='lat' dir='ltr'><strong>regi03</strong></span> <span class='ocrx_word' id='word_1_345' title='bbox 1307 3650 1357 3710; x_wconf 83' lang='lat' dir='ltr'><strong>sed</strong></span> 
     </span>
     <span class='ocr_line' id='line_1_39' title="bbox 266 3729 1359 3818; baseline 0.005 -28"><span class='ocrx_word' id='word_1_346' title='bbox 266 3729 344 3809; x_wconf 85' lang='lat' dir='ltr'><strong>legio</strong></span> <span class='ocrx_word' id='word_1_347' title='bbox 357 3734 517 3811; x_wconf 78' lang='grc' dir='ltr'><strong>μεσοθινία</strong></span> <span class='ocrx_word' id='word_1_348' title='bbox 529 3732 703 3816; x_wconf 81' lang='lat' dir='ltr'><strong>Psehymeri</strong></span> <span class='ocrx_word' id='word_1_349' title='bbox 718 3737 812 3812; x_wconf 81' lang='lat' dir='ltr'><strong>diets,</strong></span> <span class='ocrx_word' id='word_1_350' title='bbox 834 3737 1009 3818; x_wconf 87' lang='lat' dir='ltr'><strong>compendio</strong></span> <span class='ocrx_word' id='word_1_351' title='bbox 1026 3738 1195 3797; x_wconf 75' lang='lat' dir='ltr'><strong>militariter</strong></span> <span class='ocrx_word' id='word_1_352' title='bbox 1207 3735 1359 3815; x_wconf 86' lang='lat' dir='ltr'><strong>loquenti·</strong></span> 
     </span>
     <span class='ocr_line' id='line_1_40' title="bbox 268 3814 1358 3901; baseline 0.006 -27"><span class='ocrx_word' id='word_1_353' title='bbox 268 3814 403 3876; x_wconf 87' lang='lat' dir='ltr'><strong>bustum</strong></span> <span class='ocrx_word' id='word_1_354' title='bbox 417 3817 495 3877; x_wconf 89' lang='lat' dir='ltr'><strong>sorte</strong></span> <span class='ocrx_word' id='word_1_355' title='bbox 511 3819 636 3896; x_wconf 78' lang='lat' dir='ltr'><strong>nsitst03</strong></span> <span class='ocrx_word' id='word_1_356' title='bbox 657 3823 743 3901; x_wconf 85' lang='lat' dir='ltr'><strong>qnsle</strong></span> <span class='ocrx_word' id='word_1_357' title='bbox 760 3823 892 3883; x_wconf 77' lang='lat' dir='ltr'><strong>adhiberi</strong></span> <span class='ocrx_word' id='word_1_358' title='bbox 906 3823 1053 3901; x_wconf 82' lang='lat' dir='ltr'><strong>hodieque</strong></span> <span class='ocrx_word' id='word_1_359' title='bbox 1065 3822 1168 3882; x_wconf 82' lang='lat' dir='ltr'><strong>ridere</strong></span> <span class='ocrx_word' id='word_1_360' title='bbox 1181 3840 1229 3881; x_wconf 88' lang='lat' dir='ltr'><strong>me</strong></span> <span class='ocrx_word' id='word_1_361' title='bbox 1241 3820 1358 3880; x_wconf 86' lang='lat' dir='ltr'><strong>memini</strong></span> 
     </span>
     <span class='ocr_line' id='line_1_41' title="bbox 267 3900 1358 3990; baseline 0.002 -28"><span class='ocrx_word' id='word_1_362' title='bbox 267 3900 303 3962; x_wconf 85' lang='lat' dir='ltr'><strong>in</strong></span> <span class='ocrx_word' id='word_1_363' title='bbox 321 3901 541 3983; x_wconf 76' lang='lat' dir='ltr'><strong>nmrstionrlrus</strong></span> <span class='ocrx_word' id='word_1_364' title='bbox 561 3906 742 3984; x_wconf 81' lang='lat' dir='ltr'><strong>proeliorum</strong></span> <span class='ocrx_word' id='word_1_365' title='bbox 754 3920 808 3969; x_wconf 84' lang='lat' dir='ltr'><strong>sut</strong></span> <span class='ocrx_word' id='word_1_366' title='bbox 822 3908 1075 3990; x_wconf 79' lang='lat' dir='ltr'><strong>oppugnationum</strong></span> <span class='ocrx_word' id='word_1_367' title='bbox 1087 3908 1120 3967; x_wconf 88' lang='lat' dir='ltr'><strong>in</strong></span> <span class='ocrx_word' id='word_1_368' title='bbox 1132 3917 1235 3967; x_wconf 81' lang='lat' dir='ltr'><strong>nostre</strong></span> <span class='ocrx_word' id='word_1_369' title='bbox 1255 3904 1358 3981; x_wconf 78' lang='lat' dir='ltr'><strong>Gellis,</strong></span> 
     </span>
     <span class='ocr_line' id='line_1_42' title="bbox 267 3985 1358 4074; baseline 0.005 -28"><span class='ocrx_word' id='word_1_370' title='bbox 267 3985 323 4046; x_wconf 89' lang='lat' dir='ltr'><strong>ubi</strong></span> <span class='ocrx_word' id='word_1_371' title='bbox 343 3986 484 4066; x_wconf 84' lang='lat' dir='ltr'><strong>legiones,</strong></span> <span class='ocrx_word' id='word_1_372' title='bbox 505 3988 651 4051; x_wconf 85' lang='lat' dir='ltr'><strong>Nevoriee</strong></span> <span class='ocrx_word' id='word_1_373' title='bbox 670 3994 797 4074; x_wconf 86' lang='lat' dir='ltr'><strong>exempli</strong></span> <span class='ocrx_word' id='word_1_374' title='bbox 814 4014 904 4054; x_wconf 86' lang='lat' dir='ltr'><strong>osusn</strong></span> <span class='ocrx_word' id='word_1_375' title='bbox 915 3994 964 4055; x_wconf 85' lang='lat' dir='ltr'><strong>vel</strong></span> <span class='ocrx_word' id='word_1_376' title='bbox 978 3993 1207 4066; x_wconf 84' lang='lat' dir='ltr'><strong>Nortmsnnics,</strong></span> <span class='ocrx_word' id='word_1_377' title='bbox 1226 3990 1358 4051; x_wconf 80' lang='lat' dir='ltr'><strong>Novem</strong></span> 
     </span>
     <span class='ocr_line' id='line_1_43' title="bbox 269 4071 1360 4160; baseline 0.004 -31"><span class='ocrx_word' id='word_1_378' title='bbox 269 4080 302 4130; x_wconf 88' lang='lat' dir='ltr'><strong>et</strong></span> <span class='ocrx_word' id='word_1_379' title='bbox 317 4071 511 4133; x_wconf 85' lang='lat' dir='ltr'><strong>Nortmsnnis</strong></span> <span class='ocrx_word' id='word_1_380' title='bbox 524 4074 583 4135; x_wconf 89' lang='lat' dir='ltr'><strong>diei</strong></span> <span class='ocrx_word' id='word_1_381' title='bbox 596 4096 657 4136; x_wconf 91' lang='lat' dir='ltr'><strong>non</strong></span> <span class='ocrx_word' id='word_1_382' title='bbox 669 4096 740 4137; x_wconf 85' lang='lat' dir='ltr'><strong>rsro</strong></span> <span class='ocrx_word' id='word_1_383' title='bbox 753 4079 901 4160; x_wconf 84' lang='lat' dir='ltr'><strong>leguntur.</strong></span> <span class='ocrx_word' id='word_1_384' title='bbox 942 4079 1001 4138; x_wconf 87' lang='lat' dir='ltr'><strong>ism</strong></span> <span class='ocrx_word' id='word_1_385' title='bbox 1023 4077 1095 4138; x_wconf 82' lang='lat' dir='ltr'><strong>sntio</strong></span> <span class='ocrx_word' id='word_1_386' title='bbox 1118 4075 1259 4136; x_wconf 83' lang='lat' dir='ltr'><strong>oolrseret</strong></span> <span class='ocrx_word' id='word_1_387' title='bbox 1279 4072 1360 4154; x_wconf 88' lang='lat' dir='ltr'><strong>quod</strong></span> 
     </span>
     <span class='ocr_line' id='line_1_44' title="bbox 270 4150 1359 4243; baseline 0.008 -32"><span class='ocrx_word' id='word_1_388' title='bbox 270 4154 411 4233; x_wconf 86' lang='lat' dir='ltr'><strong>sdditnr,</strong></span> <span class='ocrx_word' id='word_1_389' title='bbox 431 4157 484 4221; x_wconf 67' lang='lat' dir='ltr'><strong>sot</strong></span> <span class='ocrx_word' id='word_1_390' title='bbox 497 4150 599 4224; x_wconf 69' lang='lat' dir='ltr'><strong>oderis</strong></span> <span class='ocrx_word' id='word_1_391' title='bbox 609 4156 793 4242; x_wconf 70' lang='grc' dir='ltr'><strong>ὄπτιμάτων,</strong></span> <span class='ocrx_word' id='word_1_392' title='bbox 813 4165 845 4224; x_wconf 91' lang='lat' dir='ltr'><strong>in</strong></span> <span class='ocrx_word' id='word_1_393' title='bbox 861 4184 922 4243; x_wconf 87' lang='lat' dir='ltr'><strong>quo</strong></span> <span class='ocrx_word' id='word_1_394' title='bbox 935 4162 1045 4224; x_wconf 85' lang='lat' dir='ltr'><strong>modus</strong></span> <span class='ocrx_word' id='word_1_395' title='bbox 1055 4162 1119 4242; x_wconf 87' lang='lat' dir='ltr'><strong>ipse</strong></span> <span class='ocrx_word' id='word_1_396' title='bbox 1129 4159 1273 4240; x_wconf 84' lang='lat' dir='ltr'><strong>loquendi</strong></span> <span class='ocrx_word' id='word_1_397' title='bbox 1288 4179 1359 4239; x_wconf 63' lang='lat' dir='ltr'><strong>ps·</strong></span> 
     </span>
     <span class='ocr_line' id='line_1_45' title="bbox 269 4237 1361 4327; baseline 0.01 -35"><span class='ocrx_word' id='word_1_398' title='bbox 269 4237 419 4299; x_wconf 75' lang='lat' dir='ltr'><strong>dationem</strong></span> <span class='ocrx_word' id='word_1_399' title='bbox 432 4241 555 4310; x_wconf 81' lang='lat' dir='ltr'><strong>indicet.</strong></span> <span class='ocrx_word' id='word_1_400' title='bbox 597 4253 634 4303; x_wconf 86' lang='lat' dir='ltr'><strong>ut</strong></span> <span class='ocrx_word' id='word_1_401' title='bbox 646 4244 760 4323; x_wconf 89' lang='lat' dir='ltr'><strong>sliquid</strong></span> <span class='ocrx_word' id='word_1_402' title='bbox 771 4249 897 4327; x_wconf 86' lang='lat' dir='ltr'><strong>smplius</strong></span> <span class='ocrx_word' id='word_1_403' title='bbox 911 4249 983 4309; x_wconf 86' lang='lat' dir='ltr'><strong>lieet</strong></span> <span class='ocrx_word' id='word_1_404' title='bbox 991 4238 1026 4308; x_wconf 88' lang='lat' dir='ltr'><strong>in</strong></span> <span class='ocrx_word' id='word_1_405' title='bbox 1042 4246 1147 4306; x_wconf 85' lang='lat' dir='ltr'><strong>eodem</strong></span> <span class='ocrx_word' id='word_1_406' title='bbox 1158 4263 1265 4325; x_wconf 66' lang='lat' dir='ltr'><strong>putere</strong></span> <span class='ocrx_word' id='word_1_407' title='bbox 1279 4241 1361 4322; x_wconf 86' lang='lat' dir='ltr'><strong>opti·</strong></span> 
     </span>
     <span class='ocr_line' id='line_1_46' title="bbox 268 4320 1361 4414; baseline 0.016 -43"><span class='ocrx_word' id='word_1_408' title='bbox 268 4325 362 4376; x_wconf 84' lang='lat' dir='ltr'><strong>metes</strong></span> <span class='ocrx_word' id='word_1_409' title='bbox 375 4320 425 4380; x_wconf 89' lang='lat' dir='ltr'><strong>isti</strong></span> <span class='ocrx_word' id='word_1_410' title='bbox 443 4324 533 4386; x_wconf 81' lang='lat' dir='ltr'><strong>fuisse</strong></span> <span class='ocrx_word' id='word_1_411' title='bbox 553 4327 763 4407; x_wconf 80' lang='lat' dir='ltr'><strong>intelligentur.</strong></span> <span class='ocrx_word' id='word_1_412' title='bbox 804 4351 911 4414; x_wconf 84' lang='lat' dir='ltr'><strong>nempe</strong></span> <span class='ocrx_word' id='word_1_413' title='bbox 931 4353 992 4394; x_wconf 89' lang='lat' dir='ltr'><strong>non</strong></span> <span class='ocrx_word' id='word_1_414' title='bbox 1009 4331 1107 4391; x_wconf 82' lang='lat' dir='ltr'><strong>soluo</strong></span> <span class='ocrx_word' id='word_1_415' title='bbox 1122 4331 1286 4411; x_wconf 77' lang='lat' dir='ltr'><strong>imperator</strong></span> <span class='ocrx_word' id='word_1_416' title='bbox 1300 4327 1361 4388; x_wconf 82' lang='lat' dir='ltr'><strong>tti-</strong></span> 
     </span>
    </p>
   </div>
   <div class='ocr_carea' id='block_1_5' title="bbox 0 0 1538 4840">
    <p class='ocr_par' dir='ltr' id='par_1_6' title="bbox 0 0 1538 4840">
     <span class='ocr_line' id='line_1_47' title="bbox 0 0 1538 4840; baseline 0 0"><span class='ocrx_word' id='word_1_417' title='bbox 0 0 1538 4840; x_wconf 95' lang='lat' dir='ltr'><strong> </strong></span> 
     </span>
    </p>
   </div>
  </div>
 </body>
</html>
