3054 4842
284 305 361 377 562
581 300 816 371 ousunvst.
842 298 1080 368 Plenum.

181 467 272 527 t’885
290 474 416 553 tnynior
435 470 503 547 orie
522 465 650 546 maligna
671 465 736 526 lux.
777 464 849 526 hinc
871 459 1057 546 ἔπιλογᾶζιιν
1079 462 1193 526 valebit
1215 465 1389 545 obscurare,

286 556 420 634 caligine
436 550 605 633 offunden,
625 550 733 611 artilici
744 551 863 611 silentio
879 569 1011 630 premere
1025 558 1116 629 atque
1128 550 1291 613 involvere
1505 570 1507 623 ι

371 631 720 718 ἐπιοιημοιοὶοχηο
740 656 769 716 p·
788 640 849 738 263
870 656 900 695 v.
920 640 951 701 3.
996 634 1385 736 ἐπιστημονιὶμχηςιοωῑ

286 723 449 802 composita
467 741 507 781 ex
523 716 696 802 ἒιιιοιήμιιν
713 730 745 781 et
762 715 840 802 ἆρχη
858 719 899 780 ad
918 719 1143 800 significandum
1154 724 1317 801 principem
1330 743 1387 782 co-

285 812 450 889 gnitorem,
473 806 534 868 hoc
551 816 613 882 eet,
641 825 710 866 eum
733 806 782 865 oui
799 807 829 865 in
855 803 957 886 primis
975 806 1171 885 cognoscendi
1192 808 1230 867 de
1242 826 1276 867 re
1288 807 1385 886 alique

235 894 239 903 “
285 896 333 955 ius
354 893 504 972 competit.
547 901 652 971 aptum
667 891 846 951 vocabulum
868 890 908 949 ad
928 890 1134 970 explicandam
1148 894 1315 973 principum
1330 902 1384 953 aut

283 980 511 1056 magistratuum
525 976 718 1037 saecularium
731 976 979 1036 interventionem
995 976 1025 1035 in
1047 976 1170 1055 synodis
1182 989 1237 1038 aut
1251 977 1384 1037 coetibus

283 1062 493 1124 ecclesiasticis.
534 1083 597 1122 non
613 1060 690 1121 enim
703 1060 738 1120 iis
754 1061 923 1142 praesident
935 1070 972 1120 ut
983 1060 1097 1121 iudices
1111 1082 1179 1122 cusu
1196 1065 1259 1123 iure
1274 1064 1382 1122 sullra-

284 1150 323 1229 gii
337 1147 474 1225 decisivi,
496 1146 548 1207 sed
563 1148 712 1207 intersunt
724 1156 759 1206 ut
777 1154 885 1222 testes,
906 1146 969 1205 solo
981 1147 1156 1225 cognitionis
1169 1147 1383 1228 appr-obstricis

285 1234 411 1295 arbitrio
429 1232 555 1291 decretis
566 1232 770 1293 auctoritatem
785 1231 986 1304 conserentes,
1009 1240 1039 1290 et
1055 1231 1095 1290 nd
1108 1234 1311 1292 executionem
1328 1253 1384 1292 ro-

285 1320 345 1380 bur
365 1317 522 1378 seooulsris
547 1317 702 1402 potestatis
721 1316 921 1394 adiungentes.
963 1315 1015 1375 ubi
1036 1316 1197 1377 notandum
1217 1318 1385 1395 primatum

285 1405 378 1464 istum
397 1403 585 1482 cognitionis,
613 1400 666 1480 qui
686 1411 853 1482 competere
876 1401 1076 1482 principibus,
1102 1421 1161 1461 non
1176 1401 1381 1462 ecclesiacticis

285 1489 338 1549 hic
349 1488 477 1561 dicitur,
497 1506 559 1547 esse
578 1495 717 1567 respectu
729 1497 913 1548 maurorum
931 1487 979 1545 sui
990 1485 1121 1564 ordinis,
1140 1485 1196 1546 hoc
1215 1494 1261 1547 est
1279 1486 1381 1546 laico-

284 1594 373 1646 rum,
393 1573 472 1632 inter
486 1592 561 1650 quos
581 1571 684 1652 primis
699 1571 769 1653 ipsis
789 1573 932 1633 convenit
947 1571 1018 1630 talis
1038 1591 1132 1631 nosse.
1172 1571 1310 1631 alludunt
1322 1571 1384 1651 igi·-

285 1669 340 1720 tur
363 1658 438 1719 haec
457 1657 554 1718 nostri
574 1656 705 1717 auctorit
726 1657 818 1719 verba
843 1657 1034 1717 eductorem
1056 1657 1225 1718 memoriam
1238 1655 1385 1718 historiae

285 1743 511 1816 ecclesiasticae,
531 1762 607 1822 quse
619 1743 828 1803 Constantinoe
841 1741 1022 1802 Theodosios
1037 1741 1203 1803 Marcianos
1216 1753 1271 1803 aut
1284 1744 1321 1802 ab
1337 1742 1383 1802 his

285 1830 390 1892 missos
415 1828 541 1906 legitime
563 1826 742 1908 praesedisse
767 1828 898 1888 conciliis
926 1827 1016 1887 fidem
1040 1828 1126 1903 fecit,
1163 1829 1223 1888 isto
1243 1830 1383 1888 nimirum

286 1935 375 1992 quem
391 1912 514 1993 exposui
527 1912 628 1977 modo.¹
670 1932 763 1992 quere
775 1933 837 1973 vox
853 1911 998 1995 βασιλέως
1010 1910 1061 1972 bic
1075 1914 1239 1974 universim
1251 1925 1282 1974 et
1296 1913 1383 1974 inde-

286 1998 542 2073 mutassemus,
570 2005 718 2077 quatenus
739 2019 799 2058 non
820 1997 897 2058 hanc
920 1997 1145 2058 determinatam
1158 2018 1316 2080 perronem
1331 1998 1384 2059 sed

285 2103 502 2164 quemcumque
514 2082 554 2143 ed
567 2083 719 2164 imperiale
734 2084 881 2163 fastigium
898 2092 1033 2143 evectum
1054 2084 1179 2149 iudicet.
1195 2085 1383 2166 perticipium

286 2181 388 2230 autem
400 2169 427 2228 ei
447 2170 640 2245 adiunctum,
660 2168 889 2249 δικαιουμένου,
911 2167 1045 2248 designet
1065 2170 1112 2229 ius
1124 2169 1193 2229 telis
1207 2169 1383 2249 cognitionis

286 2265 319 2314 et
348 2255 510 2336 praesentis
537 2254 654 2314 arbitrii
679 2255 712 2314 in
733 2254 937 2314 ecelesiseticis
958 2254 1108 2328 coetibus,
1133 2275 1192 2315 usu
1210 2258 1336 2334 antiquo
1355 2264 1384 2314 et

286 2349 407 2420 petrum
421 2339 557 2399 ecclesiae
578 2349 712 2400 veterum
735 2359 894 2414 consensu,
914 2339 1098 2419 principibus
1111 2349 1290 2419 competens.
1332 2360 1383 2400 re·

284 2427 368 2505 perio
381 2443 470 2483 usum
482 2423 542 2482 hoc
555 2423 701 2484 vocabulo
714 2424 745 2486 in
760 2425 862 2484 eudem
884 2426 1006 2484 nodone
1025 2424 1202 2484 Demetrium
1219 2423 1383 2484 Chomate-

284 2528 357 2568 num
377 2507 629 2588 archiepiscopum
643 2509 795 2588 Bnlgarise
808 2510 839 2568 iu
851 2510 1086 2588 responsionibus
1099 2509 1136 2566 ed
1148 2510 1380 2569 &martinum
1413 2540 1417 2545 ·

285 2591 451 2652 Gabasilem
473 2590 724 2672 archiepiscopum
743 2593 1025 2673 llyrrhechionsem,
1051 2592 1144 2653 relatis
1160 2613 1178 2650 e
1192 2592 1376 2652 Iaeunclsvio

284 2677 306 2738 l.
321 2681 341 2742 6
358 2677 435 2736 luris
453 2677 566 2736 Graeco
579 2709 597 2722 -
608 2678 725 2737 romam
746 2698 774 2758 p.
790 2683 852 2744 816
873 2689 904 2739 et
923 2700 965 2758 sq.
986 2680 1032 2740 ed
1051 2677 1299 2737 francofurtensis
1319 2697 1375 2744 en.

287 2764 381 2828 1640.
408 2761 451 2822 ibi
469 2762 547 2821 enim
567 2760 641 2822 haec
660 2762 813 2843 leguntur:
841 2759 861 2826 o‘
886 2763 1029 2845 βασιλιΰς
1048 2759 1102 2847 γὰρ
1124 2756 1174 2825 olo
1191 2759 1294 2836 sosodc
1310 2767 1378 2826 τοῖν

287 2848 453 2927 Ξιιιλησιοῖν
464 2841 722 2932 ἕκιοτημονοὶμχης
741 2849 793 2912 scel
813 2842 857 2911 uir
876 2850 930 2912 stul
949 2844 1166 2931 ὀνομαζόμενος
1184 2848 1234 2911 acl
1255 2850 1380 2911 cusode-

286 2940 357 3008 ιιαῐς
371 2927 504 3014 γνώμαις
522 2931 670 2996 ἐπιστατεῖ
682 2932 733 2996 sol
747 2929 782 2998 co*
797 2938 891 3016 κῦρος
902 2929 1025 3009 τούτοις
1045 2937 1203 3016 χαρίζεται·
1226 2933 1382 3014 ἐκκλησια-

288 3014 392 3093 urende
403 3016 501 3095 τάξεις
515 3018 673 3099 debuitne,
695 3018 748 3082 sel
759 3026 921 3122 reperturi
929 3021 985 3105 βίῳ
997 3020 1049 3083 sol
1063 3021 1200 3106 πολιτείᾳ
1213 3024 1269 3083 τοῦ
1282 3013 1382 3101 βήμιι-

287 3126 356 3178 τος,
377 3104 428 3167 sul
441 3100 502 3186 peis
516 3103 568 3167 secl
580 3106 679 3179 diener
700 3104 872 3167 ἔπισιιοιιοιν
892 3104 944 3167 sul
960 3109 1111 3185 κλημικοῐν
1127 3105 1179 3167 sul
1190 3099 1266 3187 πρός
1280 3128 1314 3188 γε
1326 3129 1383 3184 χη-

288 3194 443 3268 peuooooiv
455 3182 578 3270 ψήφοις
591 3188 765 3268 insinuans.
807 3184 906 3273 loripes
925 3187 960 3253 dl
978 3190 1027 3252 sol
1047 3184 1109 3253 sino*
1122 3185 1278 3264 ἐλάττονος
1291 3194 1382 3267 τιμῆς

289 3271 333 3375 εἰς
353 3271 625 3378 colloquendum&
650 3268 710 3338 sind
733 3274 977 3374 ἐπισκοποῖμοιῖς
998 3271 1196 3355 μητρόπολιν,
1223 3270 1247 3353 ἢ
1269 3271 1382 3373 cirdpo'e

417 3365 674 3506 ιιιιιιιι
687 3357 1381 3526 rieturreuersurum
1502 3484 1503 3489 ψ

286 3523 480 3602 letius'qusm
496 3536 532 3587 ut
547 3532 639 3608 possit
652 3531 797 3590 contineri
812 3531 890 3590 intra
906 3530 1047 3589 terminos
1064 3532 1155 3591 sacris
1175 3530 1338 3590 senonibus
1351 3539 1382 3587 et

287 3609 430 3688 exemplis
447 3610 685 3675 orthodoxorum
697 3616 863 3696 principum
876 3615 992 3674 dudum
1005 3615 1098 3687 fixos,
1118 3625 1239 3695 praesto
1258 3624 1300 3674 est
1312 3614 1381 3673 ido-

287 3712 344 3753 nee
363 3694 396 3754 iu
417 3698 599 3757 eontrarium
617 3701 764 3779 exceptio:
785 3719 890 3778 nempe
910 3698 1036 3759 hominia
1051 3699 1243 3775 schismatici,
1265 3700 1381 3778 qualern

286 3798 319 3839 ee
332 3779 498 3841 Demetrius
512 3779 563 3840 hio
574 3784 677 3845 eodem
688 3786 746 3844 isto
763 3787 873 3865 scripto
892 3785 990 3865 palam
1005 3785 1151 3861 declaret,
1173 3787 1380 3846 auctoritatem

285 3863 361 4011 thibi:
383 3865 508 3945 legitime
538 3870 737 3948 preescribere
764 3879 872 3932 contre
892 3870 1060 3932 doctrinam
1081 3870 1303 3952 disciplinaruris
1327 3891 1379 3930 ca-

321 3972 338 4011 o
361 3971 434 4012 cam.

372 4035 572 4117 inioxeore
591 4060 621 4119 p.
635 4038 697 4107 225
710 4058 740 4099 vr
756 4043 805 4105 16.
848 4040 907 4120 agit
926 4040 965 4100 de
978 4040 1130 4101 secerdote
1145 4041 1198 4120 qui
1210 4048 1380 4101 sttentsce-

286 4131 336 4183 rat
354 4122 527 4183 benedicere
549 4124 661 4204 nuptiis
681 4124 743 4183 sine
762 4124 902 4186 facultate
925 4124 1179 4209 chartophylacis,
1201 4126 1252 4187 cui
1269 4126 1380 4186 ideoin

285 4224 411 4282 poenam
431 4208 582 4286 suspensio
601 4229 619 4266 a
643 4209 796 4269 functione
821 4210 980 4273 sacerdotii
1005 4213 1135 4291 irrogata
1155 4211 1203 4272 sit.
1246 4220 1292 4272 est
1310 4231 1381 4290 ergo

283 4287 430 4369 ἐπίσχεσις
441 4276 634 4353 ecclesiash'ca
644 4293 776 4374 notione,
792 4297 874 4375 quod
884 4298 958 4360 iuris
972 4298 1107 4359 nnonici
1117 4297 1245 4357 consulti
1256 4318 1383 4377 surpere
