2934 4838
289 320 364 393 tte
571 314 821 389 'onsmtvnn
845 319 1083 395 etenum.

288 487 397 552 mentio
416 485 506 547 altera
525 483 575 546 vel
592 484 732 549 inventae
751 485 802 549 vel
816 485 945 551 affiotae.
986 487 1031 547 ita
1042 485 1195 549 videlieet
1217 488 1387 551 huonentn

289 576 413 656 eclipoea
429 570 671 632 etindifferenten
684 570 805 632 babitoe
818 583 898 650 eunt,
918 582 952 634 nt
965 573 1035 633 nliie
1052 574 1182 651 fanno,
1203 572 1273 634 alii·
1285 576 1386 635 noxiae

287 670 318 721 et
328 654 473 719 melorum
483 657 677 738 praenuntiae
689 658 881 737 viderentur)
901 657 945 719 in
966 678 1016 720 eae
1035 658 1167 739 quinque
1191 659 1236 719 ed
1257 680 1310 719 ena
1319 670 1385 721 rota

288 742 445 806 convertit

368 827 482 888 Multae
494 826 687 889 luminarium
699 825 879 889 defectione·
893 834 1052 887 ennotatae
1073 834 1150 886 eunt
1166 828 1314 889 mortffiue
1328 828 1385 889 bn·

282 921 475 998 peretorum,
497 913 601 994 plnres
613 923 682 994 pont
697 922 823 973 mortem
837 923 868 974 et
885 912 919 972 in
930 912 1062 973 exordiie
1086 914 1192 973 notari
1205 923 1384 994 potuerunt,

284 998 398 1060 multae
421 1007 648 1077 praeconari-unt
670 997 768 1058 cledon
788 1016 965 1076 regnorum,
1000 997 1163 1057 vaetitnteo
1196 998 1382 1078 populoru,

285 1083 437 1143 bellorum
455 1090 485 1142 et
495 1082 667 1143 morborum
680 1081 859 1165 perniciem,
880 1083 981 1162 pluro·
996 1092 1179 1143 ooneecutae
1193 1093 1278 1142 eunte
1294 1092 1383 1163 etque

286 1179 324 1229 nt
335 1177 548 1248 comequentaa
564 1187 670 1229 canem
685 1186 746 1229 non
761 1166 902 1228 dieantur
917 1168 1085 1243 bonorum,
1106 1188 1190 1247 quoe
1201 1167 1309 1228 finium
1319 1189 1383 1228 me·

287 1254 391 1315 lorum
409 1273 525 1312 annexa
546 1262 616 1312 eunt
622 1298 633 1331 ,
659 1253 703 1313 ite
723 1272 780 1312 neo
799 1252 1009 1333 praecedentes
1027 1250 1136 1313 baberi
1159 1252 1278 1313 debent
1294 1255 1381 1314 iente·

289 1332 435 1400 malorum
450 1337 499 1397 vel
509 1334 639 1417 indicna,
661 1338 687 1397 ei
704 1356 780 1417 qnae
799 1356 869 1398 cnm
891 1337 952 1398 illio
965 1347 1162 1400 ooncmrant.
1210 1339 1306 1399 medii
1321 1348 1382 1399 anau

289 1423 323 1485 bi
338 1422 530 1482 luminarium
548 1421 683 1483 defectua
702 1424 783 1483 inter
801 1422 880 1483 bone
901 1431 933 1483 et
953 1422 1031 1483 muln
1050 1442 1154 1484 aerum
1172 1420 1379 1502 humanarum,

289 1508 388 1570 nnlloa
410 1507 444 1566 in
467 1526 515 1566 eae
533 1507 667 1567 inflnxua
688 1505 816 1584 babent3
844 1516 1065 1569 connectuntur
1082 1507 1214 1588 quidem
1237 1510 1380 1585 mut,

289 1594 342 1657 ned
358 1610 445 1667 caen,
468 1611 530 1652 non
543 1592 719 1669 efficientia,
740 1611 821 1653 mera
837 1593 1053 1673 contingentia,
1073 1612 1139 1652 non
1154 1594 1346 1654 nenoeaitnte.

292 1714 297 1731 ·
373 1678 560 1738 Neceeoeriae
579 1687 651 1738 aunt
674 1696 777 1757 omnen
796 1678 921 1760 eclipoea
935 1678 1006 1738 eolis
1026 1687 1059 1739 et
1074 1677 1183 1757 lunae,
1207 1687 1244 1738 et
1255 1698 1383 1739 neona-

289 1763 345 1826 rii·
365 1763 532 1822 intervellie
555 1762 727 1835 distinctae,
754 1761 910 1824 ordinatae
930 1763 1009 1824 inter
1029 1782 1110 1837 eene,
1133 1774 1167 1824 et
1180 1765 1230 1823 itu
1243 1765 1383 1843 quodan-

290 1848 381 1911 modo
396 1856 604 1911 concatenatae
616 1858 652 1909 ut
663 1849 723 1909 nint
733 1847 907 1910 infallibiter
922 1858 951 1909 et
963 1842 1170 1909 inevitabilee:
1191 1846 1325 1909 humani
1338 1868 1384 1907 eu·

290 1944 353 1995 tem
374 1953 473 2010 corna,
495 1942 606 2014 penten,
629 1934 723 2008 bella,
750 1943 862 1995 morter
876 1934 1045 2015 principum
1064 1933 1157 2015 plane
1181 1934 1384 2015 confingent!

290 2030 323 2080 et
345 2020 459 2080 oolntre
480 2017 640 2079 o'obamnnt
657 2017 859 2079 renidentibna
875 2029 907 2080 et
930 2019 1177 2096 circumstantiis,
1209 2040 1295 2100 qnae
1308 2029 1341 2079 nt
1351 2037 1385 2078 ex

288 2105 447 2166 bominum
457 2104 550 2165 libera
564 2104 718 2165 voluntate
730 2115 761 2164 et
769 2103 893 2165 fortuito
907 2123 1062 2166 annornm
1076 2124 1239 2165 oonnnreu
1252 2106 1385 2187 pendent,

287 2191 336 2249 ita
355 2190 515 2250 mumioni
532 2200 604 2251 eunt
623 2189 787 2268 obnoxiae,
808 2199 839 2251 et
858 2189 1002 2251 anteverti
1019 2189 1069 2250 vel
1085 2189 1237 2272 impediri
1256 2197 1386 2271 ponam
1430 2182 1431 2255 i

271 2275 1385 2442 ·ttbttetflttt‘btttttttffiffiffl‘²⁵*
1431 2410 1432 2419 a

373 2443 454 2505 xvi.
496 2446 570 2505 Tam
583 2447 672 2507 facile
686 2447 747 2508 diei
759 2458 861 2529 pooiet
874 2456 973 2509 ortum
984 2444 1057 2506 tolia
1071 2456 1127 2507 aut
1140 2466 1284 2508 oetaeum
1298 2444 1382 2504 trra·

288 2547 406 2588 caumm
429 2548 492 2587 eeee
513 2530 679 2609 iurgiorum
699 2541 730 2591 et
753 2534 995 2609 contentionum,
1022 2550 1098 2611 qnne
1117 2533 1172 2592 vel
1193 2527 1382 2591 inanirent

286 2622 381 2673 noetn
394 2612 587 2692 contingunt,
608 2634 698 2693 quem
711 2615 840 2696 eolipeee
851 2619 1023 2679 morborum
1036 2624 1068 2676 et
1083 2616 1289 2688 calamitatum,
1301 2630 1384 2692 quae

285 2709 360 2780 poet
377 2697 443 2757 illua
461 2696 547 2758 finnt
590 2708 671 2758 certe
693 2702 890 2780 aequinoctiis
908 2713 938 2764 et
958 2700 1110 2777 solstitiis,
1136 2720 1210 2782 quoe
1229 2707 1336 2778 qnater
1347 2697 1386 2756 in

290 2804 369 2843 enno
381 2784 445 2861 lege
462 2792 544 2843 oertn
557 2780 636 2842 finnt
655 2792 685 2844 et
703 2792 874 2866 temporum
895 2790 975 2850 viem
995 2807 1050 2848 nun
1063 2786 1232 2846 divereitate
1244 2785 1387 2844 formant

289 2880 321 2930 et
333 2869 535 2946 distinguunt,
558 2888 646 2929 oanaa
657 2879 758 2949 poeeet
770 2871 900 2934 edeoribi
919 2894 974 2933 cnr
985 2883 1081 2953 penten
1093 2882 1125 2932 et
1141 2872 1228 2945 bella,
1249 2889 1309 2929 cnr
1322 2869 1389 2929 ele-

290 2955 344 3015 deo
357 2974 517 3031 regnorum
531 2962 561 3014 et
574 2954 734 3015 reditione·
748 2958 929 3039 populorum
942 2957 1092 3019 eveniant.
1136 2968 1196 3018 tam
1208 2957 1391 3015 innoeentea

290 3039 444 3101 habendae
458 3048 528 3099 eunt
540 3039 764 3102 coniunctionea
776 3043 846 3102 aolie
855 3053 885 3104 et
897 3044 985 3104 lnore
999 3041 1218 3103 defentiouiboe
1227 3041 1392 3115 obnoxiae,

289 3145 384 3204 quam
408 3145 484 3205 quae
502 3134 575 3185 eunt
595 3125 632 3184 ob
647 3126 690 3184 ein
710 3127 867 3192 immunee.
910 3128 1008 3189 omnia
1026 3129 1147 3207 quidem
1166 3127 1346 3207 pleniluni·
1365 3135 1396 3187 et

287 3211 446 3270 noviinnia
460 3230 580 3290 magnes
594 3209 740 3272 invehunt
753 3212 787 3272 in
802 3215 903 3273 orbem
917 3213 1115 3285 mutationes,
1138 3212 1187 3272 red
1199 3214 1398 3273 ueoeaaarinu

290 3303 322 3353 et
340 3293 378 3353 ad
392 3295 508 3355 felicem
526 3297 631 3356 mnndi
645 3307 757 3358 etatum
770 3298 917 3379 eapienter
930 3320 946 3358 a
961 3300 1018 3359 deo
1033 3298 1188 3360 ordinatae.
1215 3315 1277 3356 ver
1290 3308 1401 3359 uentae

292 3388 454 3439 autumnus
468 3379 562 3441 bieme
580 3380 708 3443 ex'eolie
724 3393 756 3445 et
776 3383 865 3443 lunae
879 3384 1005 3446 divermo
1020 3380 1267 3443 conventionibus
1281 3385 1402 3442 erinn-

290 3472 355 3539 tur,
384 3471 415 3521 et
433 3464 471 3523 iia
491 3466 664 3527 necenariia
679 3467 718 3528 nd
736 3478 906 3549 temporum
926 3470 1169 3529 commoditatem
1184 3474 1216 3528 et
1225 3464 1403 3529 bominum

180 3586 186 3599 ·
292 3546 484 3622 felicitatem,
512 3570 589 3630 quoe
604 3570 721 3634 temper
731 3552 834 3614 eadem
846 3555 926 3633 lege,
949 3574 1038 3633 qnam
1055 3552 1144 3613 initio
1158 3572 1266 3613 rerum
1280 3556 1405 3615 nondi-

290 3643 340 3694 tor
361 3631 533 3709 oonatituit,
554 3655 676 3697 eurtum
699 3647 860 3699 tenuerunt
877 3648 908 3699 et
925 3639 1077 3702 tenebunt.
1122 3638 1191 3717 quie
1210 3638 1346 3717 rapiena
1368 3640 1404 3699 iia

290 3718 442 3778 adscribat
460 3719 647 3781 saeculorum
667 3723 870 3784 oalamitrtea'i
897 3724 964 3805 quio
987 3742 1090 3784 eornm
1116 3721 1356 3801 malignitatem
1371 3727 1405 3785 ia

288 3804 415 3863 edverea
426 3820 585 3883 regnorum
596 3807 720 3868 fortuna
731 3809 875 3883 accurat?
895 3809 963 3891 quie
981 3807 1179 3890 proditionis,
1208 3808 1287 3886 quin
1301 3810 1407 3872 laneae

287 3887 449 3951 maiestati·
465 3889 668 3952 condemnat?

372 3973 563 4036 &ementur
580 3976 674 4055 igitur
692 3979 802 4058 aynodi
818 3977 1013 4040 luminarium
1029 3976 1199 4060 ecliptioae,
1232 3996 1327 4056 qnae
1341 4002 1409 4042 noe

287 4056 388 4119 minue
401 4061 582 4121 necessariae
594 4081 691 4141 nequo
704 4065 804 4125 minna
822 4066 860 4125 ed
873 4064 986 4125 bonnm
998 4063 1132 4125 nniverai
1152 4083 1171 4120 a
1185 4060 1247 4121 deo
1266 4067 1408 4127 ordina·

286 4152 342 4203 tue
385 4143 581 4206 absolvantur
599 4145 637 4205 ab
654 4148 797 4228 opinione
814 4150 1044 4227 maleficentiae,
1066 4167 1142 4230 qnae
1153 4164 1221 4206 non
1232 4146 1320 4227 plna
1338 4174 1408 4213 ma·

283 4225 429 4298 lignitatio
443 4226 570 4304 babent,
591 4252 666 4310 quae
687 4253 748 4294 non
763 4235 839 4316 ‘plne
857 4235 969 4299 virium
988 4236 1028 4298 ad
1048 4232 1247 4295 mutationem
1264 4236 1364 4298 aerio
1376 4249 1408 4299 et

281 4302 445 4369 bnmornm
457 4312 581 4375 eortitae
598 4324 679 4380 eunt.
