3036 4840
255 240 330 312 662
554 237 785 310 OBSERVAT.
808 235 1044 307 recurunt

256 424 327 466 anae
346 402 569 485 praetendebat,
594 403 677 464 huuc
695 411 881 484 praetextum
905 402 948 463 aio
969 399 1060 482 paulo
1081 405 1153 480 poet
1175 397 1357 461 eubmover.

250 492 445 572 persuasioni
460 493 535 547 enim
550 501 621 549 tuae
634 493 668 548 in
688 489 776 548 nulla
789 491 913 568 penitae
933 485 1128 569 suffragatur
1146 482 1357 564 quorundam

256 578 461 655 epiacvporum
474 584 544 631 ante
561 576 736 653 sexaginta,
757 583 792 631 ut
805 576 921 646 iactae,
941 592 1038 630 annae
1046 573 1143 646 sacta
1161 569 1355 648 eubaareptio

254 679 467 737 nunquamque
483 679 503 716 a
514 657 795 737 praedeceeeoribue
808 660 872 716 tuie
884 654 930 715 ad
942 657 1126 736 apaetolicae
1143 652 1229 711 eedie
1241 665 1356 711 trane-

255 746 350 801 mieea
362 743 521 820 notitiam,
543 746 595 800 cui
610 743 650 801 ab
662 746 751 801 initio
765 763 839 800 auae
851 740 984 800 caducae
999 738 1179 818 dudumque
1193 739 1355 817 coliapeae

255 848 323 885 aera
333 848 415 885 nunc
430 837 458 884 et
476 828 602 885 inutilia
615 828 759 885 eubiicere
764 829 902 904 fomenta
914 826 1056 895 volutati,
1077 820 1225 881 elicienda
1240 845 1264 880 a
1276 825 1354 895 sra-

255 912 735 990 er1·tmspectemeonrenrionte,
758 933 849 991 quarn
867 911 927 969 tibi
943 913 975 968 in
994 928 1084 968 auam
1097 909 1254 965 iniuriam
1267 928 1352 965 vere-

255 993 373 1053 cundia
385 998 528 1074 fatigata
543 995 703 1074 praeberet.
744 1005 811 1076 poet
832 1015 907 1072 qnae
920 995 1001 1072 queri
1016 993 1195 1052 sententiam
1208 1011 1351 1070 pronun-

254 1080 336 1138 tiane
358 1080 492 1138 ultimam
508 1090 537 1137 et
554 1083 633 1138 litem
655 1082 818 1140 decretorio
837 1080 960 1154 tiniene,
985 1076 1059 1137 haec
1080 1075 1177 1135 addit:
1199 1096 1265 1133 non
1279 1098 1349 1134 can-

256 1164 412 1225 vellantur
424 1166 663 1242 provincialium
683 1167 756 1223 iura
770 1168 979 1244 primatuum,
1000 1184 1054 1220 nec
1071 1161 1251 1240 privilegiis
1265 1165 1347 1219 anti-

258 1250 366 1329 quitue
400 1250 551 1307 institutir
585 1251 811 1328 metropolitani
840 1246 1029 1326 fraudentur
1053 1248 1217 1305 maietitea.
1267 1245 1348 1304 altit

258 1329 487 1392 Alexandrinae
506 1328 587 1408 aedi,
609 1355 704 1413 quam
717 1355 774 1414 per
794 1335 937 1392 Sanctum
960 1332 1101 1391 Marcum
1127 1330 1346 1409 evangelistam

258 1418 353 1476 Beati
365 1418 450 1474 Petri
465 1414 651 1496 discipulum
664 1421 790 1491 meruit,
804 1428 908 1498 pereat
923 1414 1105 1497 dignitate,
1128 1435 1183 1472 nec
1193 1417 1345 1473 Diaacoro

259 1502 424 1582 impietatis
441 1521 516 1559 auae
532 1505 705 1581 pertinacia
725 1512 892 1574 corruente,
919 1498 1059 1581 eplendor
1081 1510 1187 1558 tantae
1208 1500 1349 1558 eccleciae

151 1577 176 1632 Ρ
190 1577 244 1637 464
260 1584 387 1645 tenebria
413 1584 589 1643 obecuretur
608 1587 728 1645 alienia.
774 1586 966 1645 Antiochena
993 1605 1112 1664 quoque
1140 1584 1288 1662 eccleeia,
1316 1588 1349 1643 in

260 1691 324 1753 qua
333 1672 468 1750 primum
480 1668 675 1749 praedicante
688 1674 784 1730 Beato
797 1671 934 1750 apoetola
949 1674 1038 1728 Petra
1060 1668 1275 1729 Christianum
1291 1689 1349 1727 no·

260 1776 328 1815 rnen
341 1764 474 1813 exortum
486 1763 543 1833 eat,
564 1757 597 1813 in
606 1767 753 1836 paternae
767 1757 991 1814 constitutionie
1003 1750 1110 1812 ordine
1117 1764 1303 1834 perseveret,
1323 1763 1351 1811 et

261 1844 296 1899 in
306 1839 412 1919 gradu
423 1842 510 1897 tertio
525 1841 675 1898 collocata
688 1861 846 1921 nunquam
857 1841 957 1918 eefiat
969 1838 1105 1917 inferior.
1147 1857 1204 1898 nec
1226 1849 1350 1897 conteu-

260 1933 310 1984 tue
325 1925 355 1982 S.
369 1924 428 1982 Leo
448 1923 544 2003 iprum
567 1923 738 1985 Anatolium
758 1925 949 2002 redarguere,
971 1922 1093 2003 aeripeit
1112 1922 1152 1982 ad
1165 1923 1352 1982 Marcianum

263 2009 431 2085 Augustum
445 2007 591 2067 instanter
600 2030 688 2068 oram
702 2009 956 2068 etauctoritatem
967 2026 1146 2087 operamque
1157 2027 1244 2066 auam
1258 2008 1351 2068 iuter.

263 2103 389 2174 poneret
402 2090 442 2149 ad
457 2094 654 2154 coercendum
671 2093 841 2166 Anatolium
855 2112 893 2152 ne
904 2094 946 2153 eie
960 2091 993 2151 iu
1003 2092 1108 2151 illicita
1124 2092 1285 2172 proailiret.
1313 2113 1351 2153 ex

266 2179 324 2235 ieta
338 2175 478 2255 epistola,
501 2196 574 2256 quae
588 2179 621 2237 in
633 2179 677 2241 ed.
689 2178 771 2237 Rom.
783 2177 824 2244 67
838 2184 1021 2253 numeratur,
1043 2195 1176 2256 quaeque
1188 2178 1220 2235 iu
1231 2176 1349 2256 eyuodo

266 2261 401 2322 Romana
410 2260 464 2319 rub
478 2260 630 2323 Bonisacio
642 2264 672 2324 11
684 2263 720 2321 ab
732 2261 887 2322 Haletenio
904 2262 982 2322 edita
998 2280 1065 2342 pag.
1081 2261 1350 2340 107aeeq.1egi-

263 2352 331 2417 tur,
353 2342 427 2403 haec
443 2355 526 2404 eunt:
555 2346 644 2427 apud
665 2347 876 2407 Christianum
895 2358 923 2405 et
942 2367 1008 2405 vere
1033 2346 1206 2425 religiano»
1223 2366 1347 2425 vereque

264 2425 466 2485 orthodoxum
473 2432 642 2511 principem
655 2432 770 2512 loquar.
798 2432 926 2492 multum
937 2430 1105 2492 Anatoliue
1114 2433 1263 2509 epiecopus
1269 2450 1342 2508 pro·

259 2512 333 2592 prio
352 2509 487 2569 detrudit
504 2519 629 2595 merito,
649 2519 680 2575 ai
699 2517 809 2575 illicito
828 2537 953 2577 creacere
973 2526 1061 2597 optat
1080 2524 1237 2593 augmento·
1278 2513 1339 2570 ka·

263 2595 342 2675 beat,
362 2596 442 2654 elcut
456 2609 607 2676 optumae,
634 2599 971 2682 Conatantincpolitana
982 2603 1090 2659 civitae
1102 2598 1226 2679 gloriam
1234 2616 1336 2672 auam,

267 2701 307 2739 ac
327 2681 499 2761 protegente
516 2682 637 2743 dextera
656 2683 706 2743 dei
725 2683 875 2746 ditatum
900 2688 1070 2746 elementiae
1091 2693 1193 2745 vertrae
1209 2682 1338 2760 fruatur

266 2769 403 2843 imperio.
444 2767 510 2825 alia
529 2779 630 2828 tamen
644 2772 725 2828 ratio
745 2782 789 2829 eat
809 2790 909 2830 rerum
925 2771 1131 2830 aaeeuIarium
1141 2768 1205 2826 alia
1216 2764 1342 2825 divina-

267 2871 340 2910 rum
347 2874 358 2927 ,·
380 2871 433 2910 nec
443 2864 562 2931 praeter
574 2855 663 2914 illam
678 2858 818 2934 Petram,
843 2877 938 2937 quam
950 2853 1093 2915 domnae
1105 2856 1139 2912 in
1148 2849 1345 2931 fundamento

267 2939 391 3014 potuit,
413 2937 534 2997 atabile'e
550 2942 606 2999 erit
623 2940 691 2998 ulia
706 2943 890 2999 canetructio
899 2926 1040 3022 propria.
1077 2937 1181 3020 pudet
1201 2941 1256 3018 qui
1265 2935 1352 2996 inde·

269 3019 337 3078 bita
350 3026 545 3102 concupierit.
585 3027 664 3084 aatie
676 3027 718 3083 eit
732 3023 977 3106 quodpraedicto
992 3035 1109 3084 vertrae
1118 3025 1245 3103 pietatis
1261 3018 1356 3081 auai-

270 3104 334 3180 tio,
357 3116 384 3163 et
399 3109 588 3186 meifavorie
602 3131 740 3184 aeaeneu,
760 3114 964 3190 epiecopaturn
986 3121 1090 3168 tantae
1108 3109 1194 3168 urbr'a
1211 3108 1355 3170 obtinuit.

271 3208 334 3245 non
347 3187 526 3266 dedignetur
539 3196 654 3274 regiam
664 3197 826 3272 civitatem,
853 3216 948 3276 quam
962 3195 1159 3275 apostolicam
1180 3213 1239 3250 non
1251 3201 1355 3272 poteet

268 3273 374 3348 facere
386 3272 502 3354 eedem,·
529 3284 582 3338 riec
600 3280 663 3338 uile
681 3292 775 3360 eperet
796 3278 904 3360 mado,
931 3277 1015 3359 quod
1035 3300 1091 3358 per
1109 3280 1237 3336 aliorum
1252 3279 1356 3355 poerit

273 3353 452 3435 offiner‘onee
467 3365 584 3441 augeri.
618 3362 785 3444 privilegia
805 3367 884 3424 enirn
904 3365 1099 3423 eccleer'arum
1111 3374 1283 3421 annotatum
1296 3381 1359 3440 pa-

272 3449 357 3498 trum
378 3444 547 3505 canonibue
567 3450 731 3528 instituta,
762 3458 791 3508 et
808 3449 986 3509 venerabilia
1003 3450 1157 3509 Nicaenae
1172 3444 1278 3527 aynodi
1286 3448 1361 3526 fisa

273 3521 416 3600 decretis,
440 3529 530 3589 nulla
539 3545 672 3611 pareunt
681 3534 871 3615 improbitate
881 3533 1022 3613 convelli,
1042 3534 1133 3591 nulla
1144 3536 1277 3592 novitate
1297 3553 1361 3590 ma·
1466 3530 1467 3555 ¹

274 3610 348 3670 tari.
389 3612 424 3668 in
442 3634 503 3692 qua
527 3624 627 3694 opere,
656 3620 826 3678 auxiliante
854 3617 989 3695 Olrriato,
1022 3617 1154 3696 fideliter
1181 3614 1362 3696 exequendo,

273 3706 439 3754 neceeeeeat
452 3718 498 3755 me
511 3713 745 3778 perreverantem
756 3703 888 3763 exhibere
895 3701 1104 3781 famulatum,
1126 3704 1273 3782 queniam
1293 3699 1362 3759 die-

269 3783 412 3857 penaatio
431 3782 508 3841 milri
522 3782 706 3864 creditam,
727 3786 814 3847 etad
828 3810 928 3849 meum
950 3786 1047 3846 tendit
1060 3797 1190 3864 reatum,
1218 3790 1248 3844 ei
1255 3796 1363 3868 puter-

274 3884 388 3923 narum
406 3869 529 3945 regulae
542 3873 749 3946 cenationum,
774 3895 853 3951 quae
870 3877 904 3934 in
921 3871 1034 3952 ayncdo
1055 3873 1193 3931 Nicaena
1207 3870 1255 3931 ad
1269 3872 1362 3930 eorus

275 3949 416 4007 ecclesiae
426 3955 557 4032 regimen
569 3957 682 4033 epiritu
694 3954 745 4015 dei
756 3959 922 4018 inetruente
933 3968 1006 4017 eunt
1023 3954 1179 4034 conditae,
1201 3979 1258 4033 me,
1281 3948 1365 4035 quod

275 4032 378 4109 abrit,
400 4040 571 4096 connivente
584 4040 735 4101 violentur
742 4086 751 4118 ,
771 4052 800 4100 et
814 4047 913 4103 maior
922 4045 965 4101 eit
977 4039 1067 4124 apud
1074 4062 1121 4098 me
1139 4044 1236 4099 uniue
1248 4038 1364 4116 fratria

274 4116 419 4176 volumus
440 4142 534 4199 quam
554 4127 712 4184 univereae
730 4124 840 4187 domur
854 4127 970 4187 domini
990 4128 1159 4186 communie
1170 4127 1302 4186 utilitau
1335 4129 1362 4177 et

274 4197 342 4255 ideo
354 4205 452 4261 eciene
460 4207 632 4284 gloriatam
648 4210 836 4272 clementiam
855 4224 988 4272 veatram
1009 4212 1231 4272 eccleeiaaticae
1244 4204 1362 4269 eludere
