2934 4838
408 359 560 431 LIBAEI.
597 356 962 428 cultosotoclcus
1150 354 1228 428 763

152 530 221 627 tttf-
241 527 363 622 m
381 488 503 616 mg
517 560 523 567 -
537 521 687 622 offane·
702 531 843 605 quam
863 520 1011 603 uptote
1051 519 1230 584 wiern

21 680 24 687 ,
243 625 363 678 termut.
385 621 494 669 Ριιιωι
536 607 837 699 Micheilemprosuo
851 606 1229 688 morecircumspectissima

146 686 224 785 t279
251 732 255 745 ·
293 688 314 753 8
421 683 464 744 20
538 695 656 774 agendi,
674 695 735 760 iam
758 694 795 759 ab
816 691 906 753 huius
925 693 995 765 anni
1015 691 1158 773 principio
1176 698 1231 752 aas

538 779 596 839 fine
612 779 829 861 praecedentis,
850 797 919 838 cum
932 776 1109 837 decrevisset
1125 776 1230 851 Vecco,

538 865 621 925 cuius
637 864 772 925 libertate
783 861 997 936 offendebatur,
1018 861 1168 939 negotium
1182 861 1232 919 fe·

538 969 662 1029 cessere,
682 968 720 1010 ne
736 948 769 1009 id
786 950 937 1008 Romanus
957 945 1092 1026 pontifex
1113 944 1233 1023 aequio-

537 1054 601 1097 rem
623 1036 656 1094 in
677 1042 792 1116 partam
811 1033 1072 1112 interpretaretur,
1093 1029 1151 1088 hac
1165 1048 1234 1088 eum

538 1120 576 1179 de
598 1139 656 1198 qua
688 1118 818 1179 diximus
844 1116 988 1195 legatione
1015 1131 1234 1194 praeoccupare

538 1203 695 1266 studuisse.
714 1203 813 1281 usque
825 1201 885 1261 iam
898 1218 1034 1260 securum
1044 1200 1082 1260 ab
1092 1218 1126 1257 ea
1140 1207 1234 1279 porte,

539 1308 613 1368 quae
624 1288 684 1347 suis
705 1285 871 1367 rationibus
884 1303 1046 1364 congruere
1057 1283 1184 1363 putabet
1202 1283 1235 1341 in

537 1371 738 1455 patriarcham
758 1373 863 1452 egisse,
885 1379 1006 1430 uenata
1021 1388 1038 1426 a
1052 1368 1232 1447 Pachymere

539 1465 559 1525 6
576 1465 616 1525 10
632 1468 662 1519 et
673 1458 771 1519 tribus
788 1456 983 1535 sequentibus.
1025 1463 1173 1513 caetemm
1186 1453 1234 1512 vi.

538 1543 645 1621 detur,
665 1543 753 1603 umal
772 1541 903 1602 accusari
923 1547 1043 1620 coeptus
1066 1538 1232 1598 estVscous

537 1638 568 1689 et
581 1644 702 1690 averaus
714 1628 752 1688 ab
766 1646 800 1687 so
811 1626 997 1707 imperatoris
1009 1622 1124 1684 animus
1135 1622 1234 1703 palam

538 1734 569 1775 ae
586 1715 714 1795 prodere
727 1711 823 1793 (quod
838 1721 940 1771 noster
954 1710 997 1769 sit
1010 1710 1121 1770 lactum
1134 1724 1234 1767 manse

538 1800 700 1863 Februario
722 1802 744 1864 7
765 1797 957 1872 indictionis,
993 1793 1053 1853 hoc
1078 1802 1124 1853 est
1144 1791 1234 1851 huius

540 1885 611 1947 amri
626 1882 735 1964 1279),
756 1882 912 1964 expeditus
924 1882 1049 1941 Romam
1064 1878 1142 1939 celer
1154 1897 1235 1938 ncn-

539 1970 615 2048 tius,
636 1969 689 2049 qui
713 1969 754 2028 ad
772 1968 941 2049 pontificem
961 1964 1131 2047 pervenerit
1144 1960 1234 2042 paulo

539 2065 609 2139 post
629 2074 718 2134 quam
735 2053 838 2119 audita
859 2053 959 2113 sonat
977 2050 1111 2132 superior
1129 2046 1236 2126 legatio

540 2140 735 2221 imperatoris.
779 2158 814 2200 eo
826 2157 899 2200 vero
912 2144 1032 2218 accepto
1049 2132 1156 2195 nuntio
1169 2151 1237 2190 mo-

539 2236 606 2287 tum
618 2225 790 2311 pontificem
808 2224 909 2284 statim
930 2221 969 2282 sal
987 2222 1178 2300 imperatores
1192 2215 1239 2275 le·

540 2321 625 2393 gatos
646 2311 847 2393 expedivisse,
869 2309 963 2369 iussos
981 2305 1121 2366 festinan
1138 2320 1236 2381 quau·

540 2407 607 2457 tum
630 2402 749 2478 possent
775 2405 808 2455 et
826 2394 984 2456 subvenire
1005 2388 1239 2471 quamprimum

540 2483 637 2545 Vaoco
654 2482 812 2544 laboranti.
849 2480 907 2540 hos
917 2479 1029 2559 legatos
1046 2473 1240 2554 Pachymeres

542 2570 703 2630 occurrisse
722 2565 896 2649 imperatori
914 2564 1018 2626 scribit
1034 2566 1054 2628 6
1076 2561 1116 2628 14
1134 2575 1241 2619 revor-

541 2655 618 2716 tenti
632 2652 892 2735 Hadrianopolim
918 2651 1012 2730 iisque
1034 2655 1070 2707 ut
1089 2643 1241 2702 satisface-

541 2751 605 2817 ret,
634 2739 779 2817 vescum,
808 2739 860 2818 qui
879 2747 1032 2817 pertaesus
1049 2728 1240 2790 vexationum

541 2824 747 2908 patriarchatu
761 2823 879 2880 cessim
892 2818 1062 2886 videbatur,
1073 2812 1105 2870 in
1118 2830 1153 2870 eo
1166 2829 1239 2869 rur·
1254 2833 1277 2887 p
1294 2833 1342 2886 541

542 2928 607 2968 sum
627 2902 758 2965 stabilire
783 2902 955 2963 decrevisse.
1001 2915 1130 2975 moxque
1157 2895 1237 2954 Con-

541 2990 765 3069 stantinopolim
787 3007 855 3047 cum
873 2986 977 3065 legatis
993 2982 1176 3064 profectum,
1200 2978 1237 3038 iis

541 3075 628 3155 gestis
651 3091 727 3152 quas
745 3093 762 3131 a
783 3093 810 3137 c.
827 3069 866 3136 14
878 3071 917 3130 ad
933 3076 971 3135 17
984 3073 1163 3143 narrantur,
1185 3084 1238 3123 ac·

543 3159 728 3220 commodata
747 3157 786 3217 ad
806 3158 849 3216 ita
867 3152 1104 3215 ssfisfecicnsluus
1125 3150 1237 3230 legatis,

541 3254 578 3306 ut
589 3243 765 3304 schismatici
780 3250 879 3301 tamen
903 3260 963 3300 non
976 3243 1221 3318 exasperarentur
1228 3256 1239 3313 5

543 3330 686 3409 denique,
707 3339 743 3390 ut
754 3349 780 3389 c.
799 3332 839 3393 17
854 3326 978 3400 dicitur,
999 3321 1049 3382 die
1064 3332 1147 3381 sexte
1159 3342 1240 3379 mm·

543 3420 588 3476 sis
612 3416 752 3497 Augusti
777 3413 907 3485 eiusdem
927 3408 1097 3470 indictionis
1116 3404 1241 3487 (nempe

543 3501 627 3584 prius
654 3509 832 3561 memoratae
854 3496 1010 3578 septimae,
1045 3513 1119 3574 quae
1151 3492 1241 3552 huius

543 3587 613 3647 anni
629 3591 709 3655 1279
725 3585 877 3646 character
891 3582 947 3663 est)
966 3582 1093 3643 Voccum
1107 3579 1140 3637 in
1155 3576 1240 3657 pals·

541 3675 618 3735 tium
627 3670 825 3752 patriarchale
832 3668 953 3728 solemni
961 3686 1069 3748 pompa
1078 3662 1241 3724 reduxisse.

587 3759 687 3818 Unum
704 3759 737 3818 in
747 3755 794 3817 his
806 3754 921 3835 reperio
936 3749 1139 3833 perplexitatis
1153 3748 1242 3806 inex-

543 3844 703 3918 tricabilis,
731 3841 813 3921 quod
839 3841 940 3900 statim
963 3836 1156 3915 Pachymeres
1186 3830 1243 3891 nt-

544 3930 640 4008 iungit
660 3926 768 3989 mom
775 3926 882 4006 fuisse
894 3942 1013 4003 operam
1033 3911 1242 3978 concinnando

546 4019 661 4095 scripto
673 4035 734 4095 quo
744 4033 850 4094 papae
862 4013 902 4085 (is
917 4018 991 4066 senc
1007 4015 1071 4065 eret
1088 4002 1245 4075 Urbanus)

546 4122 638 4179 super
656 4097 814 4160 mendatis
833 4115 889 4176 per
917 4093 1033 4173 legatos
1059 4089 1243 4149 renuntietis
1360 4162 1362 4168 A

545 4187 712 4265 sothfieret.
753 4183 834 4243 itane
848 4198 919 4240 vero
934 4196 1013 4238 anno
1029 4178 1109 4241 1279
1122 4171 1244 4233 sedebat

546 4271 658 4330 Romae
678 4267 816 4329 Urbanus
835 4264 933 4345 pape?
962 4282 999 4322 au
1015 4280 1077 4320 non
1090 4267 1134 4318 est
1146 4256 1244 4317 mani-

546 4355 735 4417 festissimum
751 4350 904 4415 Nicolaum
927 4346 1061 4409 Tertium
1081 4344 1141 4405 iam
1165 4364 1184 4403 a
1199 4339 1242 4408 25
