3036 4840
502 374 621 446 HM.
660 374 936 447 Gnossamuu.
1056 392 1061 400 ’
1099 383 1106 398 “
1188 375 1264 449 579

170 543 323 606 Cratinum
336 541 492 617 comicum,
512 542 554 601 ita
568 541 709 603 continue
723 541 915 622 subiungenex
935 537 989 607 soi
1001 536 1166 627 παράγεται
1176 548 1264 627 Koa-

168 635 250 702 τῖνος
263 629 418 709 annuncio
429 629 570 691 τοιοῦτον
581 623 636 692 rtis
651 628 834 708 Osoiosiinv
847 620 982 692 Σᾶνναν.
1025 629 1094 706 quia
1109 649 1182 690 uero
1198 631 1264 697 nu-

169 711 296 774 stathius
313 721 486 773 constanter
504 709 584 772 hanc
604 730 710 773 vocem
730 731 797 773 cum
818 711 929 791 duplici
944 737 965 794 μ
982 713 1100 789 scribit,
1120 715 1200 775 forte
1220 715 1265 776 sic

169 817 203 859 ea
215 797 299 879 apud
307 797 533 878 Pachymerem,
555 795 611 856 etsi
634 797 721 857 ansbo
736 795 824 859 codd.
840 796 978 876 optimiB
991 806 1022 857 et
1033 797 1060 857 Δ
1073 799 1265 863 concorditer

169 883 350 1029 nnn
361 879 750 1028 intinniit:
1207 885 1266 985 ιι

1131 990 1218 1031 assum
1229 990 1265 1031 ιιι

170 1072 205 1114 co
226 1055 337 1133 scripta
355 987 457 1114 verbis³
474 1050 582 1129 quibus
602 987 806 1127 libuitpeffert,
827 986 894 1111 trina
909 1007 942 1110 iri
958 1048 1017 1110 hac
1029 990 1266 1131 vocalipuiddam

171 1143 350 1219 ναινοιομιί
391 1137 434 1197 sic
451 1136 528 1196 euim
548 1134 655 1201 habet:
677 1131 832 1216 possevini
841 1158 920 1211 τινες
933 1130 1026 1211 ὄντες.
1066 1136 1188 1199 videtur
1207 1159 1266 1201 au-

171 1232 230 1285 tem
244 1242 283 1283 ex
296 1222 353 1281 alia
366 1221 479 1302 origine
492 1219 572 1283 hauc
583 1239 687 1283 rocem
702 1239 866 1294 accersere,
884 1239 941 1280 nec
954 1220 1013 1281 riri
1027 1220 1182 1300 aingularis
1194 1223 1267 1285 olim

170 1309 259 1370 tuisse
271 1324 380 1369 nomen
391 1306 547 1387 proprium
557 1324 723 1386 agnoscere,
735 1306 788 1366 sed
800 1314 993 1386 propagatam
1000 1315 1108 1388 putare
1121 1327 1160 1368 cx
1172 1307 1268 1379 verbo

171 1397 302 1475 μανιᾶν,
330 1392 414 1471 quod
435 1390 601 1471 Hesychius
623 1389 747 1472 exponit
774 1397 1000 1473 παραφρονεῖν,
1029 1399 1268 1476 προσποιεῖσθαι

171 1470 1057 1625 tiitwittitttttttititztfstttii·..32
1071 1476 1150 1625 ¹1:²3
1163 1479 1269 1625 1⁰13:

173 1655 290 1706 curtato
311 1645 458 1709 vocabulo
476 1645 646 1727 imputandi
664 1645 846 1707 occasionm
860 1647 985 1707 fortunae
996 1648 1154 1728 sumpserit
1167 1667 1207 1709 ex
1220 1668 1267 1726 eo,

172 1731 255 1811 quod
280 1730 371 1811 panio
394 1730 530 1811 superius
546 1731 657 1811 legerat
676 1731 757 1811 apud
781 1741 948 1806 auctorem,
975 1732 1177 1811 patriarchum
1197 1752 1269 1794 cum

172 1815 288 1896 synodo
303 1818 340 1876 ab
353 1817 532 1897 imperatore
546 1826 723 1897 provocatos
736 1815 775 1875 sd
792 1816 868 1878 serio
884 1816 1072 1897 cogitandum
1087 1819 1125 1879 de
1136 1818 1269 1879 ineunda

173 1921 242 1963 cum
260 1901 366 1962 Latina
384 1901 505 1962 ccclesia
522 1901 682 1962 concordia
695 1900 877 1978 insneinior
890 1895 1053 1982 ἄνηνοὲναι
1060 1905 1270 1984 perfunctorie

173 1985 313 2060 audisse,
341 1996 373 2047 et
393 2007 462 2049 cnm
480 2005 544 2048 rem
563 1995 788 2064 aversarentur,
814 2006 876 2047 non
898 1997 998 2049 tamen
1022 1987 1183 2065 obstitisee,
1214 1984 1269 2047 sed

173 2071 255 2151 quasi
278 2070 495 2133 dioimulsnta
512 2091 544 2132 se
565 2073 727 2153 percepisae
745 2071 828 2151 quod
845 2070 959 2133 dictum
977 2074 1090 2150 suerat,
1111 2081 1212 2135 astuto
1225 2071 1270 2135 si-

171 2157 265 2216 lentio
279 2157 610 2219 1ocriteeisseiovidiam
623 2166 676 2218 aut
684 2157 851 2239 pericnlum
862 2157 959 2237 palam
969 2157 1139 2221 resistendi:
1160 2151 1199 2223 osi
1210 2153 1270 2241 peip

172 2233 215 2323 ἦν
238 2235 340 2317 nsisoir
361 2235 537 2322 ἆντιστῆναι
560 2264 621 2303 non
643 2246 683 2302 s'ie
707 2246 807 2302 inerat
824 2241 986 2303 resistendi
1005 2246 1077 2304 sie.-
1103 2263 1153 2303 eos
1167 2251 1270 2303 umen

173 2326 236 2387 non
254 2345 286 2386 sa
304 2327 483 2388 coutinuiase
505 2327 585 2389 intra
609 2327 684 2388 fines
702 2346 801 2388 merae
818 2326 1059 2391 diaeirnnlationis
1077 2337 1132 2390 aut
1147 2326 1269 2404 silentii,

174 2410 226 2471 sad
249 2422 402 2491 praeterea
427 2413 533 2488 ctiam,
558 2421 594 2474 nt
620 2414 792 2494 imperatori
812 2412 1066 2491 grauiicareutur,
1093 2412 1271 2493 significasne

172 2496 288 2578 placere
299 2496 355 2557 sibi
366 2497 547 2558 mentionem
560 2497 672 2558 illatam
688 2497 724 2557 sb
736 2517 771 2556 eo
783 2498 879 2579 pacis,
899 2498 1054 2559 manifeste
1065 2498 1197 2559 affirmat
1207 2517 1270 2557 no-

172 2590 252 2657 ster,
279 2590 316 2641 nt
338 2582 519 2643 ostendimus
539 2585 675 2687 saperius
693 2582 786 2642 verbo
804 2575 964 2662 κνώμενοι.
1006 2601 1099 2661 quare
1118 2603 1181 2643 non
1201 2582 1270 2642 iilos

173 2662 396 2749 μαμαννῦθινς
417 2675 470 2728 aot
488 2674 666 2749 μικινθονς
685 2667 796 2731 idcirco
812 2669 950 2744 vocavit,
970 2666 1053 2746 quoti
1065 2666 1271 2728 simulaverint
1286 2682 1309 2739 p
1323 2683 1378 2739 399

172 2771 204 2811 se
215 2772 278 2811 non
291 2752 410 2828 audire,
431 2751 577 2832 estquod
592 2753 809 2814 declaraverint
823 2752 877 2812 sibi
889 2751 1011 2832 probsri
1024 2751 1106 2831 quod
1117 2769 1271 2832 propone-

171 2836 278 2913 batur,
300 2836 383 2899 haud
407 2838 478 2897 satis
499 2838 691 2918 providentes
705 2837 863 2918 quidinde
877 2847 1108 2898 consecuturum
1124 2843 1216 2913 esset,
1235 2835 1270 2897 in

172 2941 234 3001 quo
247 2923 334 3002 ponit
345 2920 503 2983 atultitiam
515 2941 620 2985 corum
636 2921 695 2983 hoc
708 2923 802 2983 verbo
816 2920 1034 3001 reprehensam.

258 3001 442 3089 μανδιὶας
462 3027 491 3089 p,
511 3012 575 3074 262
596 3028 627 3070 v.
648 3013 698 3075 11.
738 3004 868 3085 Hesych.
934 3000 1028 3079 νδόας
1047 2998 1127 3078 εἶδος
1147 3001 1271 3084 ἱματίου

173 3094 304 3175 Περσᾶν
315 3088 486 3174 πολεμικόν.
501 3093 579 3195 sorte
592 3094 765 3195 noispnsoj.
788 3090 877 3151 Euste
917 3090 1013 3197 :uspd
1020 3087 1099 3152 oda
1111 3087 1169 3148 aab
1180 3090 1270 3167 prin-

172 3175 949 3344 §paup-zgsssofirdmsogoempssmttlffl
965 3169 1142 3336 'Ziopri‘yiiiis
1151 3169 1271 3318 ἓιμνῖνιῖ

172 3367 246 3407 cum
265 3368 326 3406 ssse
345 3367 452 3407 nomm
468 3344 643 3425 mnndynm.
683 3345 798 3406 cimilia
820 3354 924 3403 aurens
940 3353 985 3404 est
1000 3343 1138 3423 penulae.
1179 3350 1269 3406 vete-

172 3448 224 3491 res
243 3429 355 3508 glossae
374 3431 535 3492 verborum
554 3431 628 3491 iuria
648 3423 784 3511 μινΰύας
799 3420 937 3508 ἱμάτιον,
957 3424 991 3493 sti
1009 3428 1172 3510 tronum.
1213 3425 1268 3487 1θᾶ

172 3512 250 3575 haec
262 3523 299 3573 ut
311 3516 388 3575 tiara
401 3526 432 3576 et
445 3516 502 3577 alia
513 3536 581 3577 cum
595 3522 726 3576 reatum
746 3512 916 3574 nominanti
929 3533 1016 3575 usum
1029 3532 1182 3574 sacrorum
1196 3519 1269 3573 tamt

172 3597 330 3659 translata.
371 3599 460 3661 docet
478 3600 692 3663 eruditissimus
707 3607 793 3681 pater
809 3599 889 3658 Gosr
905 3597 941 3661 0.
956 3599 989 3665 P.
1018 3598 1033 3678 (
1043 3598 1121 3659 notis
1137 3597 1177 3657 ad
1194 3597 1269 3657 nis-

172 3703 240 3743 sam
257 3684 287 3742 S.
306 3682 425 3744 Ioannis
445 3685 647 3767 chrysostomi
662 3705 693 3766 p.
714 3683 760 3744 sui
779 3681 1052 3763 Eucholcgii118)
1076 3683 1165 3744 fuisse
1177 3701 1269 3743 man-

174 3766 266 3847 ‹tysm
277 3767 355 3827 inter
366 3769 547 3847 pontificales
557 3780 653 3832 vestes
665 3769 699 3830 id
714 3768 796 3849 quod
810 3788 934 3849 cappam
945 3768 1009 3829 sive
1025 3768 1156 3850 pluviale
1170 3764 1270 3826 Latini

173 3850 412 3913 Christianorum
428 3855 542 3915 rituum
559 3855 742 3935 expositores
761 3862 880 3915 vocant
921 3874 939 3914 a
957 3872 1016 3933 qus
1031 3872 1087 3914 nec
1101 3853 1196 3913 forma
1211 3868 1268 3909 nec

173 3937 299 3998 notione
315 3936 446 3997 multum
465 3938 547 4000 abest
566 3940 674 4020 penula
680 3960 690 4017 3
709 3958 798 4017 qnam
810 3938 849 3998 ad
860 3958 1013 3999 sacrorum
1027 3957 1114 3999 neum
1127 3936 1188 3996 ism
1200 3941 1269 3993 tuns

174 4021 215 4081 ab
234 4022 411 4102 apostolicis
432 4023 684 4084 accommodatam
699 4024 882 4104 temporibue
899 4043 962 4083 non
974 4021 1123 4081 immerito
1135 4017 1195 4080 viri
1209 4016 1268 4076 do-

172 4107 295 4169 ctissimi
311 4107 499 4186 suspicantur
510 4127 549 4169 cx
561 4108 644 4168 Pauli
654 4108 724 4169 ioco
739 4114 760 4174 2
775 4107 815 4166 ad
827 4105 958 4167 Timoth.
972 4103 992 4169 4
1011 4109 1060 4173 18.
1101 4104 1159 4165 suit
1177 4119 1269 4182 prse-

172 4201 257 4253 terea
276 4192 422 4272 maudyas
442 4192 564 4276 propria
582 4191 796 4256 monachorum
814 4191 904 4250 vestis
922 4208 962 4249 ex
974 4187 1107 4249 humeris
1122 4185 1164 4247 sd
1178 4185 1270 4267 pedes

171 4296 269 4357 usqae
289 4276 424 4339 defluens
443 4287 476 4340 et
495 4287 594 4341 totum
615 4276 745 4336 ambiens
767 4294 891 4353 corpur,
912 4294 929 4330 a
949 4281 1035 4349 parte
1052 4272 1115 4331 sola
1129 4258 1270 4331 anteriori

172 4372 295 4445 aperto,
325 4364 442 4443 qualem
466 4365 556 4427 etiam
577 4362 610 4424 in
628 4359 750 4422 accloeia
770 4359 884 4420 Graeca
898 4356 1028 4417 retusere
1044 4355 1077 4417 in
1093 4352 1272 4438 pontificatu
