3036 4840
536 388 673 459 tm.
706 391 860 466 NOTAE.
929 412 935 445 ²
1163 395 1236 470 6λὸ

149 558 250 637 pratea
267 562 354 631 auat,
373 553 513 617 mendum
532 554 612 615 ineat
632 574 694 615 non
717 554 850 617 dubium.
890 557 965 637 qnid
985 557 1065 620 enim
1079 560 1151 623 illuc
1165 564 1238 627 lacit

149 661 212 701 vox
228 634 407 703 domnoc
425 641 525 701 locum
540 660 688 720 occupem
701 641 855 717 vocabuli,
875 643 957 720 qood
970 646 1148 722 respondeat
1161 669 1237 727 por-a

148 723 250 805 tieipio
269 719 488 800 emendator?
529 733 611 785 recte
628 726 718 804 igitur
737 735 768 784 et
786 745 824 785 ex
840 726 968 802 meliori,
989 732 1111 807 opinor,
1132 751 1236 794 exarm-

15 806 18 811 ’
149 810 224 890 plari
234 829 290 888 pro
303 805 483 872 denudarem
499 808 658 869 Vaticanus
668 808 754 888 ponit
764 803 947 890 πνεύμονος,
968 831 1056 873 aenan
1066 815 1124 874 iam
1134 818 1235 897 plano,

149 912 238 973 quem
251 902 282 953 et
296 914 350 953 noa
365 895 398 953 in
412 893 655 974 interpretatione
668 894 827 953 tenuimua
867 913 941 972 quaa
956 908 1120 972 coquuntur
1134 904 1166 961 in
1181 904 1236 964 iia-

150 980 219 1039 dem
240 979 371 1042 cadell
390 987 422 1039 et
441 978 485 1053 A,
507 977 700 1059 depeream
712 978 936 1058 perplexitatem
957 977 1080 1058 babent,
1105 996 1235 1065 auctore,

150 1073 186 1125 ut
206 1064 295 1138 solet,
315 1072 377 1122 tam
395 1062 427 1122 in
446 1062 562 1123 delectu
577 1083 666 1142 quam
683 1062 716 1121 in
739 1063 930 1123 collocatione
942 1064 1102 1127 verborum
1117 1070 1236 1134 obviam

148 1149 319 1208 facilitatem
332 1147 434 1207 sedulo
446 1148 584 1226 fugiente.
625 1147 781 1209 Vaticanua
794 1167 830 1207 ea
845 1168 909 1209 eom
970 1148 1020 1208 dio
1030 1161 1062 1210 at
1075 1152 1182 1214 clarina
1197 1156 1237 1219 da

150 1254 205 1295 auo
225 1233 392 1312 exprimens
409 1234 453 1293 aie
466 1232 572 1293 habeta
592 1226 647 1296 εἶτ’
671 1226 725 1295 loia
745 1256 775 1294 τι
793 1231 863 1315 coepi
884 1256 922 1296 οα
939 1231 1073 1314 αἰσθητοὶ
1093 1241 1236 1319 οομβαλη,

152 1316 195 1399 μή
207 1312 406 1392 καταστάντος
418 1314 493 1381 md
507 1311 606 1398 χώραν
621 1320 677 1380 τοῦ
689 1311 868 1397 πνεύματος,
880 1318 909 1380 al
920 1315 974 1398 pta
987 1313 1100 1400 ὁμαλόν
1112 1321 1174 1385 lora
1183 1324 1237 1387 ael

151 1409 213 1466 reia
232 1397 380 1481 συνήθων
392 1399 426 1466 τό
441 1396 734 1483 ἀπολαμβανόμενον
750 1401 862 1483 αἴφνης
881 1397 1046 1481 οἷνοοσθλν,
1070 1400 1109 1469 oei
1128 1413 1239 1472 varod·

151 1483 505 1652 νννννν
518 1481 635 1645 νν
650 1479 1238 1651 iniectaminiectam

149 1596 474 1736 aadopvdnpiooovbbiv
484 1651 658 1734 αἰσθήσεων
672 1654 815 1734 ἔκπληξιν,
824 1649 1026 1738 ἆπεργάζεναι.
1054 1599 1095 1719 ila
1105 1661 1155 1720 illa
1167 1620 1238 1723 mu:

151 1749 220 1800 tana
232 1750 262 1800 at
276 1740 454 1802 contraham
468 1761 524 1823 pro
537 1739 671 1800 arbitrio.
713 1760 767 1799 noa
783 1748 935 1801 auctorem
946 1742 1045 1821 ipaum
1055 1743 1239 1823 exhibemus,

150 1836 281 1905 atquem
294 1826 458 1889 fideliaaima
473 1846 509 1885 ac
520 1824 677 1885 clariaaime
691 1844 833 1887 conamur
844 1824 979 1887 reddere.
1128 1896 1132 1905 Ι

234 1932 263 1992 p.
281 1915 340 1977 160
356 1931 386 1971 v.
400 1915 451 1981 20.
489 1922 654 1991 poatquem
664 1906 721 1968 dia
736 1910 845 1969 clauae
855 1923 1064 1988 permaneant
1077 1925 1185 1993 (marta
1195 1925 1240 1989 ert
1255 1917 1280 1971 Ρ
1294 1917 1347 1974 460

148 2008 241 2077 porte
258 1997 373 2056 Aurea.
414 1996 456 2055 ric
470 1994 654 2055 reddidimus
666 1995 747 2072 quod
759 1995 791 2054 in
805 1995 917 2055 Graeco
930 1996 1052 2075 tegitur,
1074 1995 1197 2077 ἤνοαιτο
1215 1997 1239 2082 d

150 2081 260 2163 χρυσέα
278 2075 359 2160 πύλη
376 2082 489 2162 χρονία.
530 2080 573 2139 ita
597 2080 674 2139 clare
693 2079 866 2159 exprimunt
887 2082 990 2159 optimi
1010 2081 1098 2143 codd.
1115 2084 1140 2142 B
1156 2092 1187 2144 at
1201 2084 1237 2146 t.

150 2166 311 2229 Vaticanua
323 2174 422 2225 antem
436 2185 492 2245 pro
502 2166 609 2245 χρονία
619 2164 704 2243 ponit
717 2158 811 2244 pilae·
854 2167 935 2226 unde
948 2162 1146 2229 intelleximua
1162 2170 1240 2231 valle

151 2260 303 2312 auctorem
319 2250 482 2329 aigniiieare
500 2257 569 2329 poat
586 2249 704 2327 longam
722 2248 847 2327 denique
862 2250 1096 2331 expectationem
1111 2255 1240 2332 patuiaaa

149 2336 215 2396 illaa
230 2336 283 2396 diu
295 2334 444 2395 obaerataa
455 2335 543 2399 screa.
584 2352 666 2394 more
681 2332 819 2393 videlieet
830 2355 1004 2415 pomparum
1016 2336 1238 2416 colemniorum,

151 2421 276 2500 quibua,
297 2430 334 2479 ut
355 2420 553 2481 Tertullianua
574 2417 611 2477 da
633 2419 779 2497 myatarr'ia
799 2420 903 2481 acribit
912 2420 998 2481 initio
1012 2421 1082 2481 libri
1096 2423 1240 2487 adamam

150 2505 387 2580 Valentinianae,
408 2507 586 2563 crucientur
605 2500 729 2577 editam,-
749 2504 832 2583 quod
849 2506 953 2566 referri
971 2514 1071 2584 pateat
1090 2505 1130 2566 ad
1139 2527 1241 2569 morae

149 2591 181 2652 in
192 2590 338 2673 vertibula
350 2587 545 2650 haerentium.
586 2587 677 2669 paulo
688 2598 758 2669 poat
768 2588 846 2648 idem
859 2600 1006 2653 memorat
1015 2594 1154 2670 anapirie
1162 2614 1241 2672 pora·

149 2688 269 2751 aarum,
289 2675 374 2735 iuxta
390 2674 546 2735 lectionem
565 2670 718 2735 cuiusdam
742 2673 852 2733 codicia
872 2695 932 2737 non
950 2694 1161 2756 uaquaquaque
1173 2679 1241 2737 ior-

148 2761 234 2827 tmaia
250 2760 488 2840 improbabilem,
509 2758 564 2819 etei
580 2758 688 2823 marito
710 2757 768 2819 viri
788 2758 869 2820 docti
889 2760 1083 2841 praetulerint
1101 2764 1241 2841 aaapiria

150 2858 344 2928 epoptoruma
365 2865 436 2905 nam
449 2843 544 2906 videri
557 2841 657 2921 potuit
671 2842 745 2904 velle
764 2853 869 2904 auctor
888 2845 1053 2927 exprimere
1068 2864 1240 2924 auapenaam

150 2931 383 3010 inquietudinem
400 2928 620 3010 expectantium
637 2924 677 2986 ad
696 2936 797 3008 portae
811 2937 843 2988 at
857 2927 897 2989 ad
914 2937 1049 3008 optatam
1062 2946 1166 2988 eorum
1183 2948 1241 3009 pa·

149 3017 338 3077 tesactionem
359 3015 580 3095 auapirantium.
621 3011 763 3073 admonet
779 3023 894 3088 autem,
915 3019 1081 3093 opportune
1100 3011 1141 3070 ad
1159 3010 1242 3089 quod

151 3101 291 3177 dicimur,
316 3109 415 3163 neater
438 3100 647 3181 imperatorem
674 3095 815 3175 peculiari
834 3096 935 3157 atudio
958 3114 1075 3157 curmae
1092 3104 1241 3174 utquam

150 3187 279 3245 menime
295 3193 417 3261 augnata
434 3190 594 3257 nanctaque
608 3178 682 3238 baec
698 3178 863 3238 ceremonia
876 3182 924 3241 aui
938 3180 1075 3251 aelemnia
1088 3180 1120 3240 in
1133 3181 1241 3253 urbem

14 3318 16 3347 ,
149 3271 260 3350 regiam
271 3270 417 3347 ingranam
430 3265 577 3325 evaderet.
620 3282 709 3343 quam
721 3261 827 3323 iurem
842 3264 922 3325 inter
938 3273 1054 3347 caetera
1067 3264 1239 3328 diuturnam

14 3408 17 3419 .
147 3355 234 3415 iatam
246 3351 383 3412 adhibuit
395 3369 509 3409 moram
523 3354 627 3427 portae
640 3346 754 3407 Aureae
766 3347 950 3428 aperiendae,
969 3358 1037 3408 anta
1050 3369 1140 3428 quam
1153 3350 1240 3412 clau-

14 3492 19 3507 ,
148 3459 213 3499 eam
237 3437 442 3517 parciatantem
471 3432 584 3511 aliquot
606 3430 668 3491 diea
689 3450 758 3493 cum
784 3432 928 3494 comitatu
947 3433 1094 3513 aubatitit3
1119 3444 1150 3496 et
1171 3436 1237 3517 ipao

148 3519 338 3601 triumphalia
355 3517 495 3578 introitur
513 3536 575 3601 non
596 3526 663 3578 aute
683 3515 836 3578 meridiem
852 3518 943 3598 pandi
963 3519 1075 3595 voluit,
1096 3521 1239 3600 ntpaulo

148 3617 218 3690 poet
237 3606 356 3665 dicitur.
397 3622 453 3663 nae
468 3610 512 3663 eat
531 3600 702 3663 incredibile
712 3596 828 3663 tantam
842 3623 859 3663 a
872 3602 1013 3665 Michaela
1023 3604 1239 3667 colemnitatem

148 3696 182 3754 in
203 3711 257 3750 auo
276 3690 333 3750 iato
355 3707 409 3768 per
432 3698 551 3768 portam
568 3687 697 3749 Auream
716 3691 849 3768 ingreaau
868 3690 1048 3766 affectatam,
1069 3690 1151 3769 qaod
1172 3709 1240 3753 eam

149 3775 206 3837 eibi
221 3774 321 3836 adhuc
334 3773 457 3835 lactenti
472 3772 655 3854 praedictam
668 3772 812 3850 audieret,
832 3785 974 3837 narrante
984 3775 1041 3858 ipai
1052 3775 1173 3854 Eulogia
1186 3794 1238 3834 ao-

148 3880 227 3923 rore.
268 3859 338 3921 ride
348 3877 411 3918 rem
426 3857 602 3939 descriptam
614 3878 702 3938 aupra
715 3878 744 3939 p.
758 3864 819 3927 128
833 3879 861 3921 v.
878 3866 927 3929 11.

233 3966 263 4026 p.
279 3949 338 4010 163
354 3962 385 4005 v.
399 3948 430 4009 9.
471 3962 549 4023 quoa
560 3944 708 4003 adlatrari
720 3966 789 4004 cum
803 3967 823 4003 a
841 3956 991 4025 parerent.
1032 3943 1075 4004 aie
1087 3940 1237 4022 expraet-

150 4050 217 4091 mua
236 4028 318 4110 quod
340 4028 450 4087 Graece
467 4027 599 4102 λκαλνονς
614 4021 646 4091 δ’
659 4026 787 4092 dtoaroo
824 4034 952 4116 νονςτῷ
964 4021 1085 4108 πλήθει.
1128 4046 1237 4106 quam·

150 4135 239 4195 quam
254 4135 313 4173 non
328 4110 496 4187 diaaimaalo,
518 4131 557 4171 ex
567 4132 626 4190 quo
639 4112 698 4175 iam
709 4108 784 4173 haee
795 4113 837 4173 aic
852 4124 937 4177 arant
950 4113 1046 4188 edita,
1067 4111 1239 4172 obaervaaaa

149 4220 198 4261 me
211 4201 243 4260 in
256 4199 357 4259 cadim
369 4196 491 4274 antiquo
503 4189 717 4277 ἤλαπομένοος
731 4218 787 4277 pro
800 4195 1026 4278 dlenooplvovc.
1058 4204 1102 4255 eat
1117 4194 1238 4274 quidem

149 4285 212 4345 aine
233 4284 324 4345 dubio
345 4280 518 4342 mendorum
532 4280 606 4341 illud
621 4281 814 4356 vocabulum,
835 4291 870 4341 ut
883 4276 924 4343 ibi
936 4282 1078 4362 aeriptum
1090 4281 1153 4341 ridi
1169 4301 1239 4341 cum
1305 4300 1308 4307 ’

14 4435 17 4447 ,
44 4412 47 4415 -
150 4390 282 4451 oparvo
301 4366 440 4430 intentio
462 4364 592 4448 ayllaba,
618 4384 688 4427 erm
714 4366 751 4425 ab
773 4361 900 4431 λλαπόοο
917 4360 1142 4457 ἠλαττωμένους
1158 4365 1240 4429 lleoti
