2992 4840
235 307 310 375 νου
479 389 486 401 ‚
549 301 727 371 cronon
749 302 1013 372 PlcflYlfflllls

235 482 363 562 συχναῗς
383 472 577 573 ἀναγραφαά
595 474 652 551 τοὶς
673 468 777 560 γάρος
797 473 984 558 έκολαμᾶτο.
1036 472 1201 541 ίνεπίστευε
1219 475 1255 542 δέ
1271 476 1335 555 τὰς

235 575 382 654 τοιαάτος
396 579 570 660 οίκονομίας
582 580 634 643 καί
650 574 802 654 ἔξισιδσεις
814 571 963 665 ἀνδράσιν
977 574 1098 658 οάδέσι,
1123 574 1260 664 μεγάλαν
1278 580 1335 645 on

197 695 222 750 B
237 677 360 758 τοάτοις
375 680 564 767 τεταγμένων
579 678 614 745 si
631 675 798 767 πρότερον·
825 684 951 766 Καῖσαρ
965 678 1025 766 γὰρ
1035 677 1192 765 Ῥωμακδς
1209 684 1259 747 καὶ
1274 681 1334 765 μί-

235 809 294 872 γας
318 785 497 868 δομέστικος
516 779 533 849 ὅ
555 789 612 849 τοῦ
631 782 784 867 βασιλέως
803 783 907 870 πατὴρ
929 783 1070 862 ίξισωταί
1089 783 1170 850 κατά
1184 780 1337 868 Σκάμαν-

238 889 313 976 δρον
334 881 424 971 ἦσαν.
474 885 553 969 πλὴν
577 883 957 973 ἓχρυσολάγοννίντεῦθεν
973 888 1084 975 καὶτῷ
1101 894 1194 977 κοινῷ
1205 888 1365 978 ταμιείρι5

238 996 393 1078 προσῆγον
411 988 452 1056 sei
474 985 631 1075 χρήματα.
681 996 774 1055 τοῦτο
790 989 916 1073 συμβάν
930 992 982 1056 καί
995 998 1060 1066 τοῖς
1072 986 1260 1077 Παφλαγόσι
1276 994 1336 1056 καί

236 1104 302 1170 τοῖς
323 1091 526 1179 προσωτέρω,
562 1091 825 1178 ἦργυρολογοῦντο
851 1098 897 1183 τῷ
914 1088 1018 1182 χρόνῳ
1042 1088 1216 1177 κάμνοντες.
1265 1099 1334 1160 τῶν

236 1196 293 1281 μίν
309 1198 463 1282 χρειωδάν
483 1196 538 1260 καί
550 1221 583 1282 γε
596 1197 665 1261 λιάν
678 1192 759 1279 είχον
773 1191 911 1279 εάπάρως
931 1191 1079 1280 διδούσης
1099 1203 1156 1279 τῆς
1176 1202 1250 1283 γῆς,
1276 1221 1334 1263 νο-

202 1318 226 1372 c
242 1295 404 1382 peroptimos
423 1299 458 1364 δὲ
478 1306 623 1383 πενιχρῶς
634 1295 714 1383 είχον
721 1348 732 1380 ,
761 1294 803 1375 ὥς
817 1295 941 1365 πάντων
955 1294 1168 1384 γεωργούντων
1182 1300 1224 1366 ool
1237 1297 1336 1386 ἀναγ-

237 1414 322 1470 καῖα.
373 1401 641 1489 κεφαλαιουμένων
658 1407 733 1487 γοῦν
751 1408 814 1468 τῶν
831 1407 928 1468 τελῶν
949 1404 998 1467 tul
1021 1402 1187 1485 νομίσμασι
1201 1405 1334 1489 χρυσίου
1343 1409 1384 1463 10

239 1509 290 1573 καὶ
304 1504 467 1591 ἀργυρίου,
495 1500 632 1582 διδόντες
646 1504 682 1570 νδ
697 1504 786 1572 τεθέν
801 1508 835 1583 ἐξ
848 1501 981 1592 ἀνάγκης
994 1506 1211 1590 ίξηποροΐιντο.
1251 1499 1336 1590 ἦσαν

239 1609 274 1675 δ’
296 1607 398 1686 ἄλλως
420 1609 471 1674 καί
491 1610 655 1694 στρατείας
677 1607 767 1674 οὐδὲν
786 1605 908 1686 εἰδότες.
959 1607 1045 1691 ὅμως
1062 1607 1176 1687 ἔθνους
1188 1614 1337 1696 φιλοκερ-

239 1715 315 1789 δοῦς
335 1713 484 1797 πονηρίαν
504 1711 604 1777 πολλὰ
627 1710 665 1777 ἀν
685 1707 779 1794 κάμοι
799 1737 846 1789 τις
864 1714 1016 1798 διορθοῦν
1037 1710 1158 1794 θέλων,
1185 1715 1213 1778 εί
1224 1715 1274 1778 καί
1286 1713 1333 1798 μὴ

238 1811 369 1900 πάσχον
396 1817 423 1880 εί
437 1815 471 1880 δὲ
486 1810 613 1898 πάσχει,
636 1812 693 1880 oris
714 1813 794 1880 ἔστιν
811 1813 893 1892 ὅπως
907 1814 951 1900 μὴ
968 1813 1135 1902 ἀπρακτεῖν
1147 1822 1250 1883 πᾶσαν
1266 1817 1336 1882 έπέ-

238 1945 335 1986 νοιαν.
386 1921 493 1984 ίκεῖνοι
509 1920 628 1997 τοίνυν,
657 1919 840 2000 καὶμᾶλλον
857 1918 887 1984 oi
902 1929 970 1995 ταῖς
986 1916 1094 2003 ἀκραις
1110 1915 1332 2006 προοιαδῆμε·
1342 1924 1383 1979 15

236 2048 301 2104 νοι,
330 2028 374 2112 τῷ
396 2046 428 2087 τε
451 2017 577 2105 πάσχειν
597 2020 722 2087 ἐνδένδε
742 2022 792 2087 καί
812 2026 857 2112 τῷ
878 2022 1005 2103 ἐλπίζειν
1029 2023 1146 2088 ἐκεῖθεν
1162 2023 1202 2089 τά
1218 2017 1330 2104 λάσια,

197 2136 224 2191 Ι)
240 2129 267 2192 εἰ
280 2120 377 2210 μόνον
388 2133 597 2210 προσχωροΐεν
609 2118 744 2205 ἑκόντες,
766 2134 956 2211 προσχωρεῖν
969 2123 1105 2209 ἴγνωσαν
1120 2127 1171 2191 καί
1184 2122 1337 2211 ὅσημέραι

238 2228 457 2316 προσετίθεντο
481 2227 630 2315 Πέρσαις.
683 2232 776 2295 τοῦτο
794 2234 868 2313 γοῦν
888 2226 938 2293 ἐπ’
963 2225 1019 2294 οάκ
1039 2225 1142 2314 ὀλίγον
1161 2224 1336 2316 γενόμενον,

236 2424 323 2479 escitis
338 2425 471 2496 spicilegia
494 2427 626 2497 regionum
651 2426 802 2491 factitabat,
826 2430 900 2481 utens
917 2428 949 2482 ud
966 2427 994 2482 id
1010 2443 1091 2499 opera
1107 2426 1230 2482 homiuum
1245 2424 1337 2491 nihili,

236 2511 294 2546 cusu
311 2501 387 2547 entes
404 2494 573 2548 huiuscemodi
589 2496 676 2549 lustris
700 2497 837 2550 condendis
858 2496 1036 2552 collationibus
1054 2514 1087 2550 ue
1103 2494 1228 2564 ulgeudis
1243 2510 1337 2564 popu-

236 2562 317 2616 lorum
333 2561 480 2616 nobilissimi
496 2565 592 2635 quique
609 2564 716 2635 pruefici
740 2565 811 2617 soliti
827 2574 929 2621 essent:
950 2584 1009 2620 uam
1076 2583 1131 2620 esar
1150 2564 1279 2618 Romam
1301 2570 1339 2618 et

238 2648 344 2700 magnas
362 2631 514 2684 domesticus
530 2633 693 2703 impereturis
708 2640 785 2702 peter
801 2651 922 2689 censuras
937 2630 1012 2689 istiius
1031 2635 1134 2705 generis
1149 2649 1194 2700 per
1209 2631 1339 2700 regiones

236 2702 305 2754 circe
321 2701 504 2754 Scsmundrum
521 2701 586 2754 sitas
602 2711 745 2770 ροεεοεαοτ.
778 2701 805 2756 bi
822 2720 899 2772 porro
916 2704 1032 2758 vilissimi
1052 2703 1162 2759 ministri
1180 2718 1269 2755 numm
1285 2700 1342 2754 im-

187 2784 192 2791 ·
236 2769 434 2824 misericorditer
457 2775 584 2823 extortum
611 2769 723 2840 undique
739 2771 767 2823 in
781 2772 906 2825 serarium
929 2774 1110 2841 congerebant.
1142 2770 1187 2842 qui
1203 2788 1260 2823 cum
1276 2771 1341 2824 obi·

236 2847 297 2893 rent
312 2840 349 2893 Pu
368 2840 509 2906 blsgouiam
527 2846 556 2893 et
570 2839 704 2893 ulteriores
721 2838 838 2908 regiones
855 2842 968 2911 pecuniis
984 2843 1079 2896 acerbe
1094 2840 1277 2904 corniculis,
1303 2857 1339 2894 eo

236 2909 318 2978 ιυαρίι
334 2857 500 2962 offendebant
513 2908 572 2961 illos
592 2910 712 2980 populos,
737 2910 805 2979 quod
826 2911 986 2965 vexationem
1003 2928 1050 2982 per
1066 2928 1097 2965 se
1111 2910 1226 2963 odiosum
1242 2909 1339 2963 inten-

235 2977 369 3049 pestivites
390 2986 451 3031 tunc
465 2978 597 3048 quendum
621 2979 789 3047 aggrsvabet.
824 2981 995 3050 equculturae
1010 2989 1102 3063 gentes
1123 2978 1184 3032 illue
1219 2978 1339 3049 lusquesn

236 3047 403 3101 mercimoniis
426 3048 546 3115 deditus,
573 3048 650 3100 reboo
667 3048 700 3101 ad
716 3046 813 3102 rictum
828 3067 894 3120 quas
909 3057 981 3104 terra
996 3050 1080 3119 glunit
1096 2996 1274 3114 conueniens,
1298 3049 1341 3101 si·

205 3160 210 3172 .
236 3124 332 3185 gnatae
349 3117 471 3187 pecuniae
486 3132 577 3186 perum
595 3116 731 3170 habebant.
764 3135 846 3188 quere
861 3118 925 3188 ipsis
941 3123 999 3171 erat
1015 3118 1168 3187 perdifficile
1183 3132 1275 3170 eureos
1291 3133 1341 3169 er-

237 3191 394 3253 penteosqus
412 3202 540 3254 nummos,
558 3186 605 3257 qul
621 3187 721 3255 singule
736 3185 764 3238 in
781 3185 865 3256 capite
880 3187 1071 3252 indicebantur,
1089 3202 1235 3246 numerem
1260 3189 1287 3236 et
1305 3201 1340 3238 se

237 3251 317 3305 adid
335 3253 402 3321 quod
420 3272 471 3308 non
488 3262 592 3324 possent
612 3256 711 3309 doumis
736 3273 768 3308 ac
792 3255 1000 3325 prebensionibus
1024 3256 1081 3324 cogi
1097 3254 1265 3324 indignissime
1280 3253 1340 3305 sci·

237 3318 299 3372 licet
322 3321 453 3386 ferebant,
478 3325 631 3394 praesertim
654 3324 772 3395 quonism
796 3324 856 3377 iude
876 3326 1032 3395 sequebatur
1052 3330 1109 3378 toto
1125 3325 1196 3395 ipsos
1211 3321 1271 3374 dein
1325 3340 1341 3375 s

234 3404 303 3440 enno
320 3392 469 3443 necessariis
487 3410 581 3461 egere,
606 3402 740 3464 postquem
757 3410 851 3446 messes
868 3403 896 3447 et
911 3394 1068 3459 vindemies,
1094 3399 1125 3446 ut
1140 3408 1250 3446 summus
1265 3391 1295 3444 iu
1326 3419 1342 3433 ·

235 3461 294 3508 ctas
318 3460 493 3528 quoquomodo
515 3462 686 3525 conticerent,
714 3461 798 3516 alieno
814 3470 930 3532 tempore
946 3461 991 3515 vill
1007 3462 1090 3532 pretio
1107 3461 1251 3516 distrahere
1266 3468 1341 3515 totus

236 3530 383 3577 exactorum
398 3526 559 3582 inclementia
575 3547 630 3583 com
650 3530 696 3583 ulsi
718 3532 829 3586 fuerant.
862 3531 958 3585 nullum
980 3531 1084 3613 quidem
1100 3533 1158 3584 l'ere
1173 3530 1291 3602 plerique
1306 3530 1341 3582 il·

236 3592 317 3646 lorum
341 3594 379 3646 rel
399 3595 509 3677 bellicae
532 3614 606 3650 usum
629 3549 773 3667 iubebunt,
798 3607 830 3653 ut
845 3602 951 3654 rebellio
967 3617 1049 3654 monus
1066 3600 1179 3654 timeude
1194 3600 1340 3653 viduetur.

235 3666 320 3714 temon
337 3668 421 3731 gentos
437 3666 502 3718 lucri
519 3667 633 3733 πυρίδια,
650 3666 751 3719 etiamsi
767 3669 836 3723 nulle
853 3669 999 3723 extorsione
1014 3669 1147 3734 inritatae,
1160 3685 1213 3789 per
1228 3684 1259 3722 se
1274 3682 1341 3737 pro·
1415 3719 1423 3729 .

236 3746 296 3781 naus
316 3732 350 3783 sd
367 3742 548 3800 quaestuosum
564 3733 702 3804 periurium
717 3734 826 3791 indolem
846 3756 904 3791 cum
921 3755 1022 3809 semper
1038 3754 1145 3809 mugnus
1170 3738 1235 3790 abor
1250 3737 1288 3789 sit
1303 3737 1339 3790 eb

236 3798 293 3851 utili
309 3799 365 3852 viss
381 3799 674 3869 deiectionefflcobiberm
697 3812 751 3858 tum
768 3815 841 3860 certe
861 3808 963 3879 quando
980 3809 1136 3861 exacerbata
1152 3805 1251 3859 domnis
1267 3805 1340 3858 sori-

236 3867 336 3937 busqus
352 3866 451 3921 iniuriis
467 3869 501 3923 ad
518 3870 721 3941 desperationem
744 3875 856 3929 efferate
879 3876 974 3941 luerit,
997 3878 1096 3930 frustm
1112 3874 1249 3947 quantavis
1264 3873 1339 3928 stibi·

235 3936 339 4019 bebitqr
370 3936 498 3992 industria
520 3939 555 3992 ad
578 3939 647 3994 illem
670 3943 697 3997 iu
720 3943 773 3998 lide
797 3945 935 4015 officioque
965 3945 1154 4000 continendam.
1188 3942 1270 4013 igitur
1293 3942 1340 4005 illis

236 4020 374 4075 prseospue
389 4023 453 4061 vero
470 4025 577 4077 quorum
593 4009 694 4065 arcibus
710 4013 817 4067 Persico
841 4013 971 4084 praesidio
986 4014 1093 4068 insessis
1109 4012 1248 4067 viciniores
1263 4010 1341 4065 sedes

237 4080 326 4138 erant,
350 4074 420 4144 quod
436 4092 453 4129 s
469 4077 564 4130 nostris
596 4076 680 4133 uidem
698 4082 796 4136 atrocia
830 4090 979 4148 uterentur,
1001 4086 1035 4138 ab
1055 4083 1171 4137 hostibus
1188 4098 1253 4135 vero
1268 4097 1343 4133 com·

236 4142 350 4227 snpdiqre
422 4154 526 4211 rerem,
554 4096 729 4214 poilioeutibus
748 4150 792 4203 vid
856 4156 869 4203 t
891 4150 943 4204 illis
960 4160 1004 4219 et,
1033 4151 1056 4205 si
1072 4151 1142 4205 ultro
1160 4168 1190 4205 se
1205 4149 1342 4209 dederent.

235 4217 298 4293 rupte
313 4230 382 4284 rmpa
406 4230 447 4266 uu
466 4214 663 4284 spondentibus,
688 4219 800 4274 deficere
816 4217 850 4271 sd
866 4218 963 4275 Persas
978 4221 1165 4284 decreverunt,
1188 4218 1343 4289 flebuntque

235 4278 342 4334 alsoruu
364 4290 426 4352 post
447 4282 511 4339 alios
535 4284 699 4357 quotidlsnae
719 4286 885 4343 uansitioues
901 4289 936 4346 sd
952 4289 1130 4361 benigniores,
1155 4293 1187 4343 ut
1202 4288 1345 4360 putsbeul,
1412 4352 1415 4357 ¹
1493 4340 1494 4343 ,
