3036 4840
529 446 662 523 amu
700 447 855 545 noran
914 542 916 548 ,
1158 436 1233 531 aaa

148 618 179 670 et
195 606 381 670 'llreodorum
396 607 545 672 Laacarim
569 601 778 693 συγγᾶμβοους
793 632 913 673 vocans.
954 631 993 677 ex
1007 611 1066 675 lroc
1081 615 1233 680 Tboodori

147 693 279 753 barcaris
298 696 421 754 secundi
443 694 631 755 matrimonio
653 703 751 753 natam
769 696 882 756 irenem
900 695 977 758 idem
995 698 1117 760 loannes
1134 702 1230 764 nuces

148 777 296 837 Theodori
311 787 395 857 pater
407 777 506 838 adhuc
519 780 624 838 vivens
638 778 828 838 Conatmtino
844 781 1101 861 collocavittbuic,
1123 785 1231 865 dequo

148 860 199 922 hic
217 871 334 939 noster,
360 862 410 941 qui
424 873 536 941 partem
556 861 670 940 generis
686 881 723 921 ex
742 862 840 923 Serbia
856 863 998 927 trahebat.
1039 880 1120 929 recto
1133 880 1232 933 autem

148 955 237 1007 vocat
264 946 450 1005 Constantini
474 946 627 1023 coniugem
654 946 769 1006 irenam
798 945 926 1029 ἒκγόνην
950 950 1072 1031 Aaauis,
1105 952 1165 1015 hoc
1186 966 1233 1019 ost

149 1040 283 1113 neptem,
304 1030 417 1111 quippe
432 1051 469 1091 ex
481 1031 593 1091 Helena
602 1031 745 1109 genitam,
766 1032 871 1092 Ananis
888 1032 958 1093 filia.

233 1136 263 1195 p·
276 1118 339 1180 860
355 1135 386 1177 v.
403 1121 433 1183 2.
475 1114 650 1176 cardinales
668 1135 746 1194 quos
760 1136 816 1174 vox
829 1126 885 1177 etc.
927 1116 1035 1177 PiuaII
1049 1118 1179 1181 oratione
1193 1120 1233 1183 ad

151 1198 333 1273 cardinales,
353 1218 429 1277 quse
441 1210 522 1261 extat
534 1209 690 1261 comment.
703 1199 724 1259 l.
741 1198 772 1276 4,
784 1200 829 1260 aic
845 1220 893 1261 eos
909 1202 1082 1282 compellat:
1105 1224 1159 1263 vos
1169 1207 1234 1264 veri

149 1283 260 1345 mundi
279 1281 434 1359 cardineo,
454 1306 552 1367 supro
571 1285 685 1365 quibua
704 1285 867 1346 milduntis
886 1289 997 1347 ostium
1019 1287 1158 1346 eccleciae
1171 1289 1236 1351 vot.

149 1366 278 1427 cendum
292 1389 329 1427 ao
341 1368 502 1449 regendum
517 1382 569 1435 eat.
612 1370 720 1430 ostium
734 1379 833 1431 autem
845 1392 921 1453 papa
935 1382 1062 1433 vocatur
1075 1381 1110 1431 ut
1125 1371 1237 1433 Chrirti

149 1453 297 1529 vicarius,
326 1455 377 1532 qui
395 1455 483 1541 datae
503 1457 569 1533 ipso
593 1454 667 1514 dicit
685 1453 811 1516 loannis
831 1460 870 1521 10
889 1460 926 1521 9:
953 1478 1007 1538 ego
1029 1460 1236 1521 aumantium.

153 1537 235 1616 quod
250 1536 286 1596 de
301 1536 438 1598 eurohic
453 1540 593 1602 scribitur
607 1540 645 1600 ad
658 1539 823 1599 cardinales
836 1540 926 1600 misso
940 1550 975 1601 ut
989 1561 1093 1622 papam
1106 1562 1165 1620 quo
1180 1562 1236 1603 vo.

151 1621 232 1681 lebat
248 1620 408 1700 imperator
427 1623 595 1699 flecterent,
624 1623 727 1705 accipe
743 1632 778 1683 ut
795 1624 940 1703 scriptum
953 1647 970 1684 a
983 1624 1171 1686 achiematico
1185 1646 1234 1686 res

152 1705 325 1765 Latinorum
341 1717 370 1767 st
380 1710 607 1786 negotiationem
621 1728 696 1787 quae
707 1728 790 1768 nunc
809 1707 1004 1770 inchoabatur
1018 1709 1235 1769 conciliationis

153 1790 343 1851 ecclesiarum
356 1792 498 1854 infamare
519 1803 645 1854 consuta
664 1792 882 1873 suspicionibus
904 1793 1104 1853 calumniosis.
1145 1812 1238 1872 quare

152 1875 400 1936 isauctoritatem
421 1877 452 1936 in
475 1876 535 1938 hoc
555 1876 676 1957 quidam
697 1898 758 1936 non
779 1876 884 1954 habet,
912 1878 960 1937 cui
986 1887 1052 1938 tuto
1072 1876 1160 1936 inuiti
1174 1897 1238 1937 cre·

154 1958 252 2020 dando
266 1960 398 2040 prudens
414 1962 514 2041 possit.
555 1980 612 2020 nac
626 1980 701 2040 opus
715 1970 778 2022 orat
789 1963 1012 2041 imperatorem,
1028 1960 1108 2022 haud
1125 1960 1239 2041 alioqui

154 2045 331 2126 prodigum,
353 2046 477 2124 pecunia
498 2065 594 2105 emere
611 2064 787 2106 consensum
801 2045 952 2126 pontilicis
971 2055 1023 2107 sut
1042 2045 1239 2107 cardinalium

154 2130 187 2188 in
200 2128 471 2188 reconciliationem
487 2129 676 2191 ecclesiarum
684 2154 702 2205 ,·
714 2150 802 2210 quam
822 2130 868 2190 illi
880 2150 1010 2211 sempor,
1030 2141 1066 2191 ut
1078 2130 1167 2191 etiam
1181 2151 1239 2190 uo-

156 2224 218 2275 ater
234 2213 305 2273 alibi
318 2234 379 2273 non
392 2213 571 2291 dissimulat,
591 2214 715 2274 summis
736 2215 814 2276 rotis
835 2223 1027 2295 optaverant,
1049 2215 1128 2276 ultro
1141 2213 1240 2296 parati

156 2297 962 2463 tlt{ttt‘ltttztt„tlattt’ttsssslttttt¹
975 2298 1240 2463 liiiiiirl‘i'i

157 2467 282 2528 diderim
294 2486 365 2547 prae
379 2467 513 2529 omnibus
529 2469 663 2531 voluisse
683 2466 874 2545 michaelem,
896 2467 966 2529 satis
981 2469 1044 2548 ipse
1057 2467 1241 2546 intelligebat

155 2552 220 2613 iore
233 2571 338 2612 verum
352 2573 438 2612 suum
458 2553 491 2613 in
505 2573 605 2633 pacem
623 2553 815 2614 eccleciarum
833 2552 1051 2632 procurandam
1075 2551 1240 2613 declarasse

154 2635 296 2697 studium.
338 2637 465 2718 denique
484 2636 535 2698 hic
555 2646 671 2702 uncum
692 2637 901 2717 qualicumque
912 2637 971 2696 fido
985 2634 1179 2716 Pachymores
1193 2636 1242 2695 at·

77 2778 84 2795 ,
154 2721 255 2782 firmat
275 2720 406 2781 oblatum
422 2721 457 2781 ab
476 2722 653 2803 imperatore
671 2721 871 2781 cardinalibus
889 2741 1010 2796 aurum,
1031 2730 1187 2799 acceptum
1203 2719 1241 2777 ab

155 2807 193 2866 iis
209 2825 271 2865 uon
286 2806 397 2867 asserit.
440 2814 471 2867 et
485 2807 573 2867 fuisse
588 2805 698 2868 scimus
713 2805 833 2866 aliunde
845 2806 899 2865 illo
914 2825 987 2866 aero
1006 2804 1170 2865 cardinales
1186 2802 1242 2861 ali·

157 2910 232 2971 quos
252 2899 312 2949 tam
332 2900 467 2968 sanctos,
496 2894 547 2972 qui
568 2892 774 2953 abstinentiam
791 2890 933 2968 Fabricii,
955 2887 1121 2948 Samnitum
1134 2904 1251 2951 asarum⁴

157 2974 358 3056 aepornontia,
383 2975 416 3036 iu
430 2997 461 3036 se
476 2976 634 3037 desiderari
648 2995 709 3035 uon
721 2975 862 3034 sinerent.
1239 3028 1245 3042 ,

242 3078 272 3138 Ρ.
286 3062 345 3124 361
369 3081 399 3122 v.
421 3065 467 3126 10.
510 3062 590 3139 regii
614 3056 852 3116 archidiaconus
874 3052 955 3114 cleri.
997 3051 1113 3134 saepius
1132 3050 1166 3110 in
1182 3049 1241 3113 lrac
1256 3052 1281 3109 P
1297 3053 1349 3114 462

156 3140 282 3202 historia
297 3143 490 3223 Pachymeres
506 3143 620 3202 iudicat
640 3141 732 3201 suiase
751 3138 929 3199 domesticos
950 3135 1045 3196 cleros
1061 3136 1244 3217 principum.

159 3226 203 3286 sic
217 3227 366 3307 superins,
388 3246 413 3291 c.
427 3230 469 3293 22
484 3224 551 3300 ll,
572 3224 677 3284 scribit
694 3222 874 3303 Iosephum,
903 3230 1061 3299 antequam
1079 3220 1243 3283 monachus

157 3309 262 3388 fieret,
290 3310 411 3370 lactoris
433 3309 564 3368 osticium
587 3309 752 3367 exacuam
769 3306 802 3365 iu
824 3307 904 3369 claro
928 3304 1089 3365 domestico
1105 3306 1242 3368 dominae

159 3394 268 3454 lrenes.
310 3393 384 3452 haec
400 3392 458 3450 suit
476 3394 559 3471 prior
574 3411 653 3450 uxor
673 3389 861 3471 imperatoris
875 3389 995 3449 loannis
1008 3390 1104 3450 Ducae
1123 3393 1242 3471 saepius

159 3476 316 3538 memorati
334 3475 367 3533 in
385 3474 506 3536 historia
529 3474 649 3554 Georgii
666 3473 864 3556 Acropolitae.
905 3474 950 3536 sic
970 3474 1007 3535 de
1026 3474 1132 3535 l’inaea
1146 3475 1243 3536 llere-

161 3561 259 3621 cleota
278 3561 374 3639 capite
394 3562 523 3629 m0124
544 3560 587 3621 ibi
608 3567 728 3636 narrat,
755 3559 875 3641 qnando
893 3558 920 3617 ci
940 3568 1058 3639 ereptus
1074 3559 1174 3621 bonor
1188 3570 1242 3636 eat,

160 3643 219 3725 ipsi
236 3643 349 3724 alioqui
367 3644 497 3723 debitus,
522 3645 714 3706 consecrandi
732 3641 919 3727 patriarchas
937 3642 1073 3724 losepbi,
1093 3644 1194 3704 datum
1209 3643 1243 3702 iu
1351 3683 1361 3698 .

161 3728 301 3790 solatium
315 3739 350 3789 ut
364 3730 396 3791 in
410 3731 522 3813 palatio
533 3731 625 3792 sacris
639 3740 829 3810 operaretur3
850 3748 992 3810 quaeres,
1013 3737 1048 3787 ut
1060 3727 1170 3787 ibidem
1185 3747 1243 3785 no-
1370 3785 1379 3801 ,

161 3823 262 3891 tatur,
292 3816 402 3895 magnis
426 3816 653 3876 auctoramentis
676 3824 849 3894 quaestuosa
870 3822 941 3877 erat.
989 3812 1033 3873 sic
1062 3820 1091 3873 et
1110 3812 1142 3871 in
1165 3809 1242 3870 aulis

35 3898 38 3915 ⁸
162 3897 396 3960 Cbnstianorum
409 3901 606 3961 Occidentalis
620 3898 759 3960 ecclesiae
772 3899 985 3979 imperatorum
995 3916 1030 3956 ae
1042 3914 1143 3973 regum
1156 3893 1244 3953 vide-

37 3990 38 4001 *
161 4004 227 4044 mua
240 3985 349 4065 templa
360 3984 490 4064 ipsorum
505 3985 668 4047 domestica
679 4005 749 4045 suos
766 3983 837 4049 item
856 3983 949 4043 eleros
970 3990 1002 4040 et
1015 3979 1110 4039 omnis
1129 3976 1244 4037 ordinis

38 4074 41 4103 ³
161 4067 314 4129 ministros
331 4069 389 4128 iam
404 4069 474 4128 olim
486 4067 603 4132 babere.
646 4078 680 4128 ut
695 4067 732 4128 do
753 4068 818 4127 aliis
841 4069 959 4142 sileam,
981 4063 1013 4123 id
1026 4062 1142 4144 prolixe
1156 4060 1245 4121 docet
1284 4060 1288 4069 ’

161 4152 292 4214 Historia
308 4156 432 4214 Sanctae
445 4153 601 4236 cappellae
619 4152 726 4213 domus
750 4152 856 4232 Regiae
873 4148 1014 4212 Franciae
1035 4147 1147 4207 dudum
1165 4144 1245 4207 edita

161 4239 444 4319 magnevolumine.
532 4230 539 4251 ’

246 4345 276 4405 p.
288 4327 349 4390 363
362 4344 391 4385 v.
406 4328 456 4389 21.
499 4319 635 4401 defuncti
649 4318 781 4379 cadaver
792 4340 850 4399 pro
864 4319 968 4377 merito
981 4316 1101 4376 monae
1114 4324 1170 4376 etc.
1197 4334 1247 4375 ea·

43 4454 45 4475 .
163 4405 286 4471 tiahaec
301 4418 496 4471 consentanea
512 4406 550 4467 iia
567 4424 642 4488 quae
662 4403 771 4466 Franci
787 4402 948 4486 scriptores
957 4401 1084 4465 natant
1102 4398 1248 4463 demotis
1365 4436 1370 4447 ·
