3036 4840
559 342 697 417 unu.
731 324 884 416 noran
1090 418 1094 425 ,
1192 346 1269 428 oea

174 502 303 595 quornm
313 506 489 573 actitantium
503 531 568 572 non
579 511 655 572 aatia
663 510 810 592 expremit
824 509 987 591 interpraa,
1008 510 1082 573 dam
1098 513 1192 576 vertit
1206 515 1269 575 aibr·

174 603 292 678 regium
304 618 410 658 nomen
424 597 587 656 ndaciacit:
607 597 677 656 antia
695 598 774 657 cuim
787 616 827 657 ex
838 595 1085 676 consequentibus
1100 610 1225 680 apparet
1235 620 1268 661 ae

172 684 256 743 illum
279 702 335 764 pro
354 685 533 764 imperatore
551 683 684 761 geaaiaae,
705 690 737 741 et
750 682 841 743 talem
856 682 1004 742 conauetia
1017 682 1125 744 ritibua
1139 684 1269 763 inaugu-

171 770 234 828 rari
251 788 282 827 ae
303 788 421 829 curaaae
442 767 626 846 aBulgariaa
639 768 795 847 epiacopo,
814 774 851 826 ut
864 786 937 827 mox
953 767 1042 828 ‹looet
1055 769 1135 829 idem
1154 770 1270 848 Grego-

81 902 85 909 .
170 875 237 929 rea3
257 855 304 914 cui
320 864 423 914 noater
436 853 621 913 concentiena
636 852 727 931 paulo
744 849 883 927 inserina,
904 849 963 912 boc
980 853 1089 932 capite,
1109 854 1143 914 id
1156 856 1271 916 sactum

171 939 209 1005 eb
223 938 398 998 Acbridenai
412 938 565 1018 episcopo,
586 935 635 996 cui
653 936 776 997 lacobua
792 954 901 996 nomen
918 946 995 1014 erat,
1016 922 1143 1001 uadit*
1161 960 1270 1020 nempe

172 1021 277 1084 dclnia
288 1024 444 1105 Bulgariae
457 1022 628 1102 metropolia
643 1030 717 1082 erat.

256 1129 282 1167 c.
296 1113 348 1173 31.
390 1108 520 1167 Victoria
533 1106 592 1166 hoc
606 1108 703 1188 capite
716 1113 855 1180 narrata,
876 1124 935 1183 qna
951 1103 1091 1184 Prinoepe
1105 1104 1233 1168 Achaiae
1250 1129 1270 1168 a

170 1193 313 1254 Romania
328 1192 453 1253 ducibua
466 1200 569 1273 captua
583 1201 643 1268 eat,
664 1191 833 1273 proditione
845 1190 964 1250 loannia
975 1189 1078 1266 nothi,
1097 1194 1217 1253 conluae
1231 1194 1269 1254 ab

170 1279 343 1358 Acropolita
362 1268 442 1344 c.'82
460 1287 491 1337 et
508 1298 526 1335 a
550 1279 680 1355 Gregora
700 1276 804 1355 l3p.
817 1276 858 1340 35
877 1283 1069 1336 memoratur.
1112 1276 1271 1337 clariaaime

131 1368 147 1385 “
169 1363 305 1424 omnium
319 1382 383 1422 eam
399 1373 500 1423 uoater
512 1363 651 1442 exponit,
675 1361 813 1421 iudicatio
829 1360 891 1421 eiua
903 1360 1015 1434 canaia,
1036 1379 1164 1438 querum
1181 1381 1270 1441 prae-

170 1450 258 1528 cipua
270 1448 328 1507 suit
338 1448 516 1508 contumelia
528 1448 631 1508 loanni
647 1446 741 1507 notbo
753 1446 850 1522 illato,
871 1465 960 1523 quam
973 1446 1023 1505 ille
1038 1445 1206 1526 proditione
1219 1448 1270 1507 ul·

169 1543 221 1593 tua
232 1535 294 1592 auia
307 1533 465 1593 foederatis
475 1553 610 1612 magnam
623 1532 785 1613 improviso
798 1530 911 1591 cladem
923 1531 1071 1596 intulerit.
1112 1531 1187 1591 illud
1199 1541 1269 1592 tan-

169 1626 235 1677 tum
258 1638 276 1675 a
299 1628 403 1679 nostro
424 1619 663 1699 praetermiaaum
682 1615 742 1677 hoc
755 1617 839 1693 loco,
858 1615 912 1674 aed
928 1616 1060 1697 poaitum
1071 1625 1173 1696 poatca
1184 1638 1210 1677 c.
1228 1621 1268 1684 13

170 1702 191 1761 l.
202 1707 238 1778 2,
259 1714 427 1783 opportune
439 1706 567 1784 auggen't
579 1703 760 1783 Acropolita,
780 1711 843 1761 trea
856 1701 1060 1761 Romanorum
1077 1702 1176 1778 ducea,
1198 1702 1268 1781 qui-

169 1788 226 1847 bua
248 1786 299 1846 hic
316 1808 465 1849 successus
485 1789 627 1868 contigit,
656 1789 795 1847 loannem
817 1785 967 1846 Michaelia
985 1786 1111 1866 duguati
1131 1788 1266 1861 fratrem,

167 1874 395 1933 Gonatantinnm
414 1875 584 1934 Tomicium
603 1883 633 1932 et
645 1873 783 1933 Alexium
798 1871 1037 1950 Strategopulum
1054 1872 1087 1930 in
1101 1873 1266 1959 praequium

168 1958 312 2019 victoriae
332 1960 421 2019 luisse
442 1961 480 2019 ab
500 1961 679 2039 imperatore
701 1967 803 2018 auctoa
825 1955 1005 2017 honoribuac
1025 1956 1165 2017 Ioannem
1186 1957 1265 2018 euim

168 2043 252 2123 priua
276 2045 537 2123 aebeatocratorcm
567 2046 722 2124 deapotam
744 2051 893 2117 creatum,
919 2041 1059 2102 Tornicio
1079 2061 1152 2102 vero
1177 2052 1266 2102 antea

168 2147 276 2207 magno
296 2131 463 2209 primicerio
484 2130 724 2190 aebeatocratoria
740 2128 862 2188 titulum
878 2126 1031 2190 collatum.
1072 2127 1199 2205 denique
1211 2125 1266 2191 adv

168 2209 438 2296 Στρατηγότιοιιλοι
454 2209 589 2292 Ἀλέξων
610 2214 722 2296 (verba
741 2222 814 2274 aunt
831 2212 1036 2293 Acropolitae)
1064 2210 1157 2295 μέγαν
1177 2212 1266 2293 διμέ-

168 2317 272 2362 στιιιον
285 2299 305 2364 e‘
319 2294 511 2382 αὐτοκράτωρ
524 2292 702 2382 τετιμηκσόέ,
723 2294 768 2363 δι’
783 2292 952 2380 σ’ποστολῆς
966 2301 1102 2377 τετίμηκε
1117 2298 1265 2378 Καίσαρα.

167 2385 417 2464 Strategopulum
434 2387 580 2445 Alexium
594 2390 689 2466 priua
705 2407 728 2446 n
745 2407 777 2445 aa
794 2384 977 2445 honoratum
990 2385 1099 2462 magni
1112 2380 1268 2442 demeatrci
1282 2389 1306 2445 Ρ
1320 2390 1372 2446 445

165 2469 287 2548 officio,
311 2470 472 2529 Caeaarem
490 2471 642 2531 odientem
658 2470 757 2548 dixu,
777 2481 805 2528 et
820 2473 914 2529 iatine
928 2471 990 2549 ipai
1003 2471 1169 2548 dignitatis
1180 2472 1267 2527 misit

166 2556 315 2633 insignio.
358 2556 408 2615 hic
427 2558 533 2616 Caeaar
553 2555 650 2636 paulo·
663 2564 732 2635 pont
749 2564 852 2636 captna
865 2555 902 2613 ab
917 2553 1069 2628 boatibua,
1089 2561 1126 2612 nt
1139 2572 1202 2633 cap.
1215 2573 1266 2614 ae-

166 2641 277 2723 quenti¹
296 2651 399 2701 noater
420 2642 530 2716 tradit,
552 2640 604 2700 aed
619 2660 690 2721 pecc
704 2642 780 2700 tacta
793 2642 868 2700 liber
882 2640 1035 2718 (timiama,
1057 2638 1162 2698 urbem
1183 2640 1265 2699 Cou-

165 2727 390 2806 atantinopolim
409 2737 511 2806 poatea
528 2727 640 2805 recepit
654 2746 670 2785 e
682 2726 802 2787 Latinia.
843 2734 910 2806 poet
929 2724 1011 2804 quod
1025 2727 1135 2784 iterum
1150 2733 1264 2802 oaptna,

39 2836 46 2845 ·
164 2817 196 2868 at
216 2810 249 2871 in
272 2812 354 2871 ltalia
379 2811 515 2872 detentua
538 2811 688 2889 cuatodia,
715 2811 786 2872 inde
806 2811 1027 2890 permutatione
1049 2828 1117 2868 cum
1142 2806 1264 2868 domine

165 2892 253 2956 Anna
267 2900 423 2957 reatitntua
436 2907 481 2957 eat
492 2898 614 2980 patriae.

249 3001 279 3060 p.
302 2987 464 3050 91v.10.
515 2981 710 3043 mediatatum
729 2983 839 3040 taaaa'm
861 2980 973 3039 Graece
994 2973 1115 3056 lpprtlr
1133 2970 1262 3057 βήττειν.

160 3076 323 3125 'conauetaa
343 3068 535 3130 adulatorum
556 3085 654 3128 τοττι.
695 3065 921 3129 larandon&
942 3060 1218 3140 laudureporotna
1231 3067 1263 3123 σι’

163 3150 380 3213 dectrectavit
394 3164 451 3217 etc.

159 3256 164 3263 ·
247 3256 277 3317 p,
296 3242 338 3303 92
361 3258 391 3298 v.
410 3243 462 3303 23.
504 3256 590 3294 nemo
611 3241 752 3292 contactu
761 3231 847 3311 ferri
865 3227 1025 3289 candentia
1044 3236 1100 3288 etc.
1141 3231 1260 3293 auatulit

164 3319 265 3381 adhue
285 3322 425 3401 despota,
447 3320 500 3378 aad
515 3318 631 3378 inhiana
649 3316 773 3396 imperio
793 3313 919 3376 blicln'el
936 3313 1073 3391 iniquum
1088 3334 1174 3375 naum
1190 3317 1258 3377 adi-

163 3405 251 3484 gendi
272 3415 425 3466 accuaator
449 3403 607 3464 dubiorum
626 3403 785 3462 criminum
804 3400 843 3460 ad
859 3399 1057 3459 innocentiani
1072 3401 1258 3480 probandum

164 3489 340 3568 ancipitibus
360 3490 568 3568 experimenda
587 3485 810 3549 blenornacbiae
823 3495 876 3546 aut
890 3493 1046 3546 contactua
1058 3506 1169 3548 manaae
1184 3510 1258 3549 can·

163 3573 278 3650 dentia3
301 3576 338 3635 de
352 3576 457 3654 quibua
469 3596 525 3635 noa
537 3596 627 3656 aupra
641 3574 679 3635 ad
694 3594 723 3654 p.
734 3577 775 3640 88
793 3594 823 3638 v,
836 3578 869 3640 7.
1248 3574 1255 3589 '

247 3679 277 3740 p-
291 3661 333 3728 94
343 3680 373 3723 t.
387 3666 439 3727 26.
480 3664 555 3724 vicit
566 3674 665 3722 tnmm
677 3656 1030 3741 divinapraedeatinntio
1044 3665 1100 3719 etc.
1142 3658 1173 3717 in
1187 3676 1259 3717 eve-

158 3743 312 3806 ·ctionibua
331 3746 486 3809 hominum
509 3748 548 3809 ad
569 3769 659 3829 regna
680 3746 859 3830 peculiarem
876 3738 990 3824 acmper
1011 3743 1193 3803 intervenire
1212 3741 1261 3801 dei
1295 3810 1298 3821 ,

162 3832 396 3911 providentiam,
418 3853 493 3914 quae
505 3835 621 3896 nullum
638 3854 673 3893 eo
687 3831 811 3913 perduci
824 3829 958 3909 patietur
971 3849 1032 3889 non
1048 3835 1118 3886 ante
1133 3827 1188 3884 aibi
1205 3825 1260 3885 de-

162 3917 327 3994 signatum,
354 3939 409 4000 pro
428 3930 512 3981 certo
531 3930 562 3980 et
580 3920 669 3998 vulgo
690 3926 763 3978 noto
788 3916 931 3997 proponit
949 3915 1012 4021 ipae
1033 3910 1160 3972 Michoel
1182 3910 1260 3969 intra
1307 3950 1310 3957 ι

161 4021 193 4081 p·
205 4003 269 4069 254
285 4025 316 4064 v·
333 4010 368 4071 tl
391 4005 438 4065 hia
450 4006 562 4067 verbis:
583 4003 636 4067 nol
651 3997 743 4076 θεόν,
765 4003 848 4087 aluaq
868 4001 929 4071 rael
945 4004 1026 4082 ettp
1044 3995 1186 4079 μεγίστῳ,
1207 3994 1260 4057 καὶ

160 4085 339 4153 καταστάσει
353 4093 505 4171 βασιλείας
515 4087 648 4153 συνιέναι
660 4081 838 4170 πιστεύομεν
852 4096 908 4153 etc.
1197 4162 1204 4179 ι
1249 4163 1256 4177 ⁸

246 4194 275 4254 P·
289 4177 331 4241 95
343 4196 373 4235 v.
386 4176 407 4239 4
421 4196 484 4256 aqq.
526 4176 617 4250 Quod
629 4174 678 4235 hic
691 4175 816 4250 dicitur,
837 4173 969 4234 aolutum
984 4188 1001 4226 a
1016 4162 1132 4245 aynodo
1142 4171 1259 4241 antiqui

159 4258 300 4338 religione
321 4261 515 4323 iuriainrandi
536 4260 723 4337 Mictnetcm,
744 4259 852 4338 quibua
867 4255 1044 4335 exprimitur
1058 4249 1173 4325 verbia,
1195 4270 1259 4310 non

159 4345 285 4408 videtur
308 4347 391 4412 aliud
412 4366 519 4410 aonare
538 4366 629 4429 quam
647 4345 809 4407 danlaraaaa
827 4344 909 4424 ipaoa
930 4337 1005 4420 qnid
1016 4337 1049 4400 in
1062 4356 1096 4401 re
1111 4344 1204 4414 eaaet,
1226 4342 1258 4395 ot
