3024 4844
235 307 309 377 370
549 299 725 368 GEORGII
750 296 1012 365 Pacuruuuls

234 474 318 563 ἀλλφ
333 471 476 558 γενέσθαι
490 465 613 536 κάλλιον
627 467 646 554 ἢ
664 467 759 536 αὐτοῦ
773 495 805 554 γε
818 466 872 551 τὴν
884 465 1019 549 παποιὴν
1032 463 1120 543 ἀξίαν
1134 462 1330 545 κατίχοντος.

234 584 334 643 ταῦτα
355 581 410 640 τοῦ
429 578 460 639 Γ
457 574 600 659 ρηγορίου
621 574 672 638 διδ
694 576 826 659 φρερίευν
856 569 1142 654 διαμηνυσαμίνου,
1173 570 1266 649 δῆλον
1288 558 1330 650 ἦν

198 691 221 745 0
237 676 280 754 ὥς
294 675 311 744 ό
325 678 380 758 μὲν
401 683 522 762 κρατῶν
539 675 618 741 κατὰ
632 679 744 741 δειλίαν
762 675 818 757 τὴν
834 672 911 758 πρὸς
924 672 978 737 τόν
997 668 1161 756 Κάρουλον
1175 670 1229 753 τὴν
1243 665 1331 753 εἰρή-

232 808 288 865 νην
303 776 397 864 ἐζήτει
407 829 417 860 ,
442 776 485 855 ὡς
510 777 607 862 αὐτῆς
628 803 660 864 γε
682 778 725 862 μὴ
739 777 834 861 οὔσης
852 774 931 859 μηδ’
948 777 990 850 είς
1007 781 1080 840 νοῦν
1096 773 1198 860 φίρειν
1215 774 1331 856 ἐκείνην

232 879 366 963 πώποτε,
393 882 422 948 οἱ
436 883 470 947 δέ
488 884 556 965 περὶ
569 881 622 947 τόν
639 886 668 945 Γ
665 879 807 966 ρηγόριον
821 878 865 944 δι’
884 877 960 944 uuiti
975 884 1068 942 τοῦτο
1084 876 1118 943 τό
1136 883 1193 958 τῆς
1207 872 1360 960 είρῆνςςς

234 987 328 1052 καλὸν
352 988 403 1051 καί
428 983 566 1067 τὴντῶν
591 985 757 1067 ἐκκλησιῶν
778 984 895 1047 ἕνωσιν.
943 981 1023 1064 μηδὲ
1043 979 1102 1065 γὰρ
1119 981 1233 1043 δίκαιον
1243 978 1324 1061 μηδ’

235 1087 314 1165 ὅλως
329 1087 453 1172 εὔλογον
468 1086 546 1171 ἔθνη
560 1093 690 1152 τοιαῦτα
705 1090 753 1151 ἐπὶ
772 1094 892 1169 μικροῖς
913 1087 975 1149 τισί
997 1083 1199 1168 διαφέρεσθαι
1208 1131 1218 1161 ,
1247 1080 1323 1145 ἀλλ’

233 1190 252 1275 ἢ
268 1187 480 1272 ἀποδυόμενον
493 1188 548 1265 τάς
563 1191 662 1265 αίτίας
676 1189 730 1254 τὸν
744 1184 924 1270 οίτιιόμενον
937 1183 1096 1271 εἰρηνεύειν
1109 1186 1249 1270 παρέχειν
1263 1195 1329 1259 τοῖς

234 1294 389 1381 ἀδελφοῖς,
415 1291 435 1377 ἢ
449 1291 511 1376 μὴν
526 1294 557 1358 ἐν
572 1302 636 1368 τοῖς
650 1294 737 1368 ίδίοις
755 1290 908 1378 δφφικίοις
922 1288 978 1354 ei'r'
996 1281 1050 1354 οὖν
1067 1289 1243 1373 προνομίοις
1258 1285 1325 1352 ὄνθ’

130 1410 153 1462 Ρ
168 1410 221 1464 252
237 1394 381 1480 ἕκάτερυν
391 1395 435 1479 μὴ
451 1394 532 1462 οὕτω
556 1391 713 1481 διαφόρως
735 1395 811 1479 ἔχειν
831 1396 881 1458 καλ
898 1387 1076 1477 ἀκηρόκτοις
1093 1388 1235 1474 ἀλλήλοις
1250 1389 1328 1455 ἀπε·
1341 1410 1380 1461 10

230 1496 427 1585 χθάνεσθαι·
455 1497 558 1583 ἀρκεῖν
579 1497 638 1584 γὰρ
661 1497 847 1582 ἀμφοτίροις
867 1495 941 1571 τοδς
962 1493 1096 1579 ἓχθροδς
1108 1500 1162 1559 τοῦ
1179 1500 1328 1577 σταυροῦ,

235 1595 279 1669 ὧν
294 1603 328 1669 τό
344 1603 431 1676 τέλος
443 1598 590 1680 ἀπώλεια,
612 1603 662 1664 καί
676 1600 834 1686 ἀγαπητόν
848 1594 1053 1683 ἀποχρώντως
1069 1596 1214 1683 φέροντας
1226 1594 1331 1678 ὄνομα

235 1711 292 1772 τοῦ
306 1709 447 1791 Χριστοῦ
463 1703 540 1789 πρός
555 1705 686 1779 ἐκείνους
698 1700 873 1787 μάχεσθαι,
900 1700 978 1768 ὅπου
996 1703 1046 1765 καὶ
1059 1699 1094 1766 τό
1107 1705 1186 1765 νικᾶν
1204 1698 1330 1763 ἐπαινε-

236 1809 290 1875 τδν
305 1812 356 1874 καί
371 1806 406 1873 τό
420 1803 639 1892 ἀποτυγχάνειν
651 1802 812 1890 σωτήριον,
839 1803 916 1894 ἔργῳ
928 1803 984 1888 τὴν
996 1804 1172 1891 προθυμίαν
1184 1804 1326 1878 δείξασιν.

236 1911 318 1979 οὕτω
331 1911 388 1994 μὲν
403 1902 458 1976 oda
476 1910 554 1996 πρός
568 1905 722 1992 ἀλλήλους
733 1908 850 1992 ἔχοντες
863 1906 1007 1989 βασιλεδς
1021 1908 1071 1971 καί
1096 1910 1127 1970 Γ
1125 1902 1277 1992 ρηγόριος,
1305 1900 1325 1969 ὁ
1339 1922 1381 1973 15

235 2014 292 2096 μίν
313 2013 378 2100 ἤϊεν
398 2015 441 2089 είς
463 2013 500 2078 τό
523 2007 629 2098 πρόσω
650 2012 706 2094 τὴν
722 2012 912 2097 χειροτονίαν
936 2005 1110 2092 δεξόμενος,
1136 2007 1277 2090 βασιλεῦς
1292 2009 1331 2072 δὲ

235 2116 332 2194 πολάς
356 2109 394 2202 ἦν
416 2115 560 2182 ἐντεῦθεν
583 2121 621 2202 τῇ
648 2111 768 2204 συνόδῳ
790 2113 904 2197 ίπίχευν
919 2116 969 2178 καί
984 2112 1038 2178 τόν
1054 2107 1246 2197 πατριάρχην
1260 2116 1331 2176 θυι-

196 2226 383 2296 Βπευτιιιιδς
401 2214 606 2305 ἀπερχόμενος
627 2214 796 2285 ἀποκλίνειν
818 2221 868 2282 καί
893 2212 993 2282 ἀνύειν
1015 2214 1050 2281 τό
1067 2211 1331 2298 σπουδαζόμενον·

237 2465 300 2538 potii
325 2463 454 2518 arcuati
475 2482 551 2547 qoam
575 2484 605 2519 ae
631 2465 746 2550 papalem
764 2465 895 2520 obtinente
918 2462 1074 2532 dignitatem.
1107 2462 1240 2517 tatiacum
1256 2462 1332 2514 Gre-

236 2534 326 2603 gorius
341 2533 490 2603 imperaturi
506 2551 554 2603 per
570 2535 674 2588 Frenoe
691 2535 879 2600 denuntiasset,
903 2532 1065 2586 manifestum
1086 2532 1137 2585 ruit
1152 2532 1332 2602 imperatorem

235 2602 339 2673 quidem
357 2618 403 2671 per
425 2601 659 2672 punillanirnitatem
685 2604 780 2668 actum,
802 2614 872 2657 metu
887 2607 1075 2656 consternatum
1092 2612 1258 2671 apparatuum
1275 2599 1333 2652 Ca-

235 2670 302 2735 roti,
320 2669 352 2723 nd
368 2669 437 2724 ietud
455 2672 630 2740 procurandae
647 2671 719 2742 pacia
736 2672 898 2727 eccleciatuua
921 2670 1050 2724 consilium
1067 2672 1196 2740 apputieee
1211 2669 1332 2732 animum,

236 2739 329 2794 nullam
352 2756 462 2809 unquem
488 2740 586 2823 abeque
606 2742 655 2794 boc
676 2743 762 2806 foret,
791 2742 828 2794 rei
850 2742 910 2795 tatia
940 2739 1117 2808 cogitationem
1143 2747 1331 2808 conceptorum

238 2809 392 2881 Gregoriuro
409 2826 471 2862 varo
490 2807 517 2861 in
541 2810 611 2862 odem
634 2810 745 2863 σταδίοιο
761 2808 907 2864 incumbere
929 2810 984 2863 eota
1006 2815 1108 2878 ceptum
1126 2809 1181 2863 eiua
1198 2809 1235 2861 roi
1250 2807 1334 2859 bone·

237 2886 322 2946 etate,
344 2878 412 2949 quod
436 2878 538 2931 videret
560 2885 681 2949 quantum
699 2878 760 2933 boni
785 2897 819 2932 ex
843 2897 875 2932 ea
898 2877 1073 2932 conciliatione
1090 2878 1286 2933 redundaturum
1301 2874 1334 2928 in

238 2949 363 3019 publicam
381 2946 530 3001 felicitatem
548 2949 633 3013 toret,
657 2953 839 3019 reputantque
856 2967 904 3002 nec
918 2949 1013 3000 iustum
1035 2964 1083 2999 occ
1104 2946 1256 3000 convenient
1272 2960 1334 2998 eane

237 3018 304 3072 talen
327 3035 359 3073 ac
382 3021 467 3071 tantu
492 3023 582 3086 genter
605 3016 704 3086 exignia
728 3019 812 3071 caucia
841 3017 869 3070 ia
890 3024 1008 3069 aeternat
1031 3015 1153 3085 implicari
1176 3015 1334 3080 rimuttatee,

237 3096 317 3157 quant
352 3103 384 3140 ue
401 3086 582 3141 conducibiliur
599 3089 712 3139 futurum
729 3092 814 3152 earet,
831 3102 1007 3156 quaecumque
1022 3084 1133 3154 ipaarum
1150 3084 1176 3136 im
1191 3083 1265 3151 culpa
1283 3082 1335 3135 de-

237 3157 333 3224 prehen
352 3162 454 3220 eretur,
479 3172 534 3208 eam
551 3156 686 3210 bonafide
703 3160 837 3209 emendare
860 3173 892 3209 ac
910 3171 1019 3238 purgare
1035 3154 1126 3206 crimen
1142 3169 1224 3214 auum,
1241 3151 1333 3203 aubia-

236 3234 315 3292 taque
331 3224 471 3279 oiseneionc
486 3226 612 3294 praebere
627 3225 750 3279 iratribus
772 3242 876 3294 pacem,
896 3224 1059 3293 racinaimque
1082 3228 1205 3289 acceptam
1224 3217 1334 3272 sincera

236 3299 321 3343 ruente
337 3293 438 3359 coiere;
456 3302 502 3348 aut
524 3302 595 3348 certe
617 3294 640 3346 ei
662 3301 721 3365 pont
743 3293 942 3364 disquisitionem
963 3301 1093 3345 concuret
1108 3289 1166 3343 nibil
1186 3288 1211 3340 in
1227 3288 1334 3341 utravis

237 3376 294 3412 eane
311 3361 378 3429 quod
396 3362 453 3415 iure
469 3365 626 3433 culparetur,
641 3380 809 3432 perreverare
823 3362 961 3432 tranquille
976 3362 1064 3414 ambae
1081 3360 1105 3412 in
1120 3356 1227 3429 propriis
1238 3374 1335 3411 unam·

236 3445 363 3510 quamque
380 3429 472 3483 officiia
489 3450 520 3484 ac
536 3432 628 3485 ritibua
645 3449 693 3485 uau
710 3432 820 3500 legitimo
836 3431 949 3495 atatutic,
967 3430 1028 3483 nihii
1041 3428 1116 3485 elteri
1131 3436 1335 3494 tucceneentem

237 3513 285 3548 nec
301 3499 477 3562 rnterncoinie,
495 3507 526 3551 ut
541 3501 677 3568 bactemu,
699 3500 807 3554 invicem
830 3499 896 3553 odiis
919 3498 1123 3552 contentionibur
1140 3514 1172 3551 ue
1188 3495 1336 3551 eunomianae

237 3564 431 3646 implacabilium
456 3576 484 3647 et
506 3569 670 3622 exitioenrnm
690 3570 793 3640 utrique
814 3568 996 3622 dieoordiarum
1014 3569 1099 3621 sunem
1122 3516 1225 3620 ducere.
1258 3565 1335 3619 ruffi-

238 3650 297 3686 cere
313 3650 409 3703 quippe
426 3642 541 3706 utrunque
558 3636 646 3691 booten
669 3639 765 3701 crucia,
785 3653 891 3707 quorum
916 3637 975 3690 fioie
990 3637 1117 3691 interitum
1152 3633 1269 3700 abunde,
1292 3635 1335 3687 io-

238 3718 328 3784 quum,
354 3719 386 3755 ac
408 3706 487 3756 multo
512 3705 571 3773 plue
592 3724 668 3775 quam
683 3707 719 3761 ait
743 3707 807 3760 oatin
828 3711 966 3777 suppetere
989 3708 1103 3776 gentium
1119 3705 1289 3768 intentatum,
1305 3702 1335 3757 in

238 3772 331 3841 quibua
347 3771 524 3842 oppugnandis
539 3772 582 3843 qni
601 3776 698 3829 curiati
714 3776 814 3829 nomine
831 3782 967 3829 censentur
985 3777 1109 3828 virtatem
1127 3791 1199 3827 ruam
1216 3773 1334 3827 bellicam

238 3839 427 3911 experirentur,
454 3840 547 3910 quibua
571 3843 644 3896 bellis
669 3851 697 3898 et
720 3846 824 3898 vincere
847 3844 982 3915 gloriosum
1011 3852 1039 3897 et
1062 3845 1130 3897 vinci
1155 3843 1268 3896 calutum
1292 3848 1337 3894 eet

237 3916 343 3980 propter
365 3908 494 3978 ingentem
519 3913 660 3994 mercedem
684 3914 735 3967 illie
758 3913 804 3996 qui
817 3931 903 3998 ‘nuum
925 3913 1054 3978 studium,
1079 3929 1159 3983 opera
1181 3912 1256 3996 etiem
1270 3928 1336 3993 puo-

238 3994 430 4101 t‘fftb‘ttu
442 3979 866 4117 ttritt‘tttttittdt
887 3981 1337 4121 {immutasti-⁶:

237 4117 329 4181 batur,
345 4116 528 4170 ordinationem
543 4125 712 4187 percepturae
728 4137 815 4187 euarn3
833 4121 877 4173 ilie
892 4128 978 4174 autem
994 4120 1088 4174 multuo
1104 4126 1162 4172 erat
1176 4119 1203 4171 in
1219 4117 1337 4170 ambiem-

236 4182 271 4236 da
295 4185 391 4252 aynodo
414 4184 629 4257 eblandiendoque
650 4189 812 4256 patriarchae
839 4206 965 4243 concentu
995 4190 1021 4244 iu
1047 4207 1079 4242 ea
1122 4205 1171 4241 uae
1192 4185 1336 4254 cogitabat,

236 4253 329 4319 purim
345 4270 542 4311 commemorant
560 4262 588 4309 ct
604 4256 702 4310 cunctie
725 4257 833 4311 eubinde
856 4257 995 4318 inculcare.
1029 4274 1087 4313 ecee
1131 4254 1255 4326 tegorium
1269 4268 1338 4324 per-
