<?xml version="1.0" encoding="UTF-8"?>
<!DOCTYPE html PUBLIC "-//W3C//DTD XHTML 1.0 Transitional//EN"
    "http://www.w3.org/TR/xhtml1/DTD/xhtml1-transitional.dtd">
<html xmlns="http://www.w3.org/1999/xhtml" xml:lang="en" lang="en">
 <head>
  <title>
</title>
<meta http-equiv="Content-Type" content="text/html;charset=utf-8" />
  <meta name='ocr-system' content='tesseract 3.04.00' />
  <meta name='ocr-capabilities' content='ocr_page ocr_carea ocr_par ocr_line ocrx_word'/>
</head>
<body>
  <div class='ocr_page' id='page_1' title='image "./corpusscriptoru05berlgoog_0626.png"; bbox 0 0 3036 4840; ppageno 0'>
   <div class='ocr_carea' id='block_1_1' title="bbox 579 344 1365 431">
    <p class='ocr_par' dir='ltr' id='par_1_1' title="bbox 579 344 1365 431">
     <span class='ocr_line' id='line_1_1' title="bbox 579 344 1365 431; baseline 0.013 -16"><span class='ocrx_word' id='word_1_1' title='bbox 579 344 660 415; x_wconf 76' lang='grc' dir='ltr'><strong>ΠΒ.</strong></span> <span class='ocrx_word' id='word_1_2' title='bbox 673 345 722 415; x_wconf 77' lang='grc' dir='ltr'><strong>Π.</strong></span> <span class='ocrx_word' id='word_1_3' title='bbox 748 346 901 417; x_wconf 75' lang='lat' dir='ltr'><strong>NOTAE.</strong></span> <span class='ocrx_word' id='word_1_4' title='bbox 1215 350 1289 424; x_wconf 80' lang='lat'><strong>6³3</strong></span> <span class='ocrx_word' id='word_1_5' title='bbox 1342 394 1365 431; x_wconf 57' lang='lat' dir='ltr'><strong>,r</strong></span> 
     </span>
    </p>
   </div>
   <div class='ocr_carea' id='block_1_2' title="bbox 187 488 1343 682">
    <p class='ocr_par' dir='ltr' id='par_1_2' title="bbox 187 488 1343 682">
     <span class='ocr_line' id='line_1_2' title="bbox 187 488 1292 598; baseline 0.004 -24"><span class='ocrx_word' id='word_1_6' title='bbox 187 488 274 598; x_wconf 78' lang='lat' dir='ltr'><strong>fei-ri</strong></span> <span class='ocrx_word' id='word_1_7' title='bbox 288 533 393 574; x_wconf 81' lang='lat' dir='ltr'><strong>musea</strong></span> <span class='ocrx_word' id='word_1_8' title='bbox 410 523 440 575; x_wconf 80' lang='lat' dir='ltr'><strong>at</strong></span> <span class='ocrx_word' id='word_1_9' title='bbox 454 516 488 574; x_wconf 83' lang='lat' dir='ltr'><strong>ita</strong></span> <span class='ocrx_word' id='word_1_10' title='bbox 509 533 594 575; x_wconf 84' lang='lat' dir='ltr'><strong>murs</strong></span> <span class='ocrx_word' id='word_1_11' title='bbox 605 517 725 575; x_wconf 76' lang='lat' dir='ltr'><strong>iactatu</strong></span> <span class='ocrx_word' id='word_1_12' title='bbox 737 517 904 596; x_wconf 79' lang='lat' dir='ltr'><strong>protestari</strong></span> <span class='ocrx_word' id='word_1_13' title='bbox 914 534 1095 575; x_wconf 70' lang='lat' dir='ltr'><strong>mamam</strong></span> <span class='ocrx_word' id='word_1_14' title='bbox 1110 516 1190 596; x_wconf 77' lang='lat' dir='ltr'><strong>ipsis</strong></span> <span class='ocrx_word' id='word_1_15' title='bbox 1201 519 1292 578; x_wconf 79' lang='lat' dir='ltr'><strong>iura-</strong></span> 
     </span>
     <span class='ocr_line' id='line_1_3' title="bbox 195 598 1343 682; baseline 0.003 -22"><span class='ocrx_word' id='word_1_16' title='bbox 195 612 299 661; x_wconf 83' lang='lat' dir='ltr'><strong>torum</strong></span> <span class='ocrx_word' id='word_1_17' title='bbox 310 600 426 679; x_wconf 78' lang='lat' dir='ltr'><strong>sidem,</strong></span> <span class='ocrx_word' id='word_1_18' title='bbox 454 598 560 680; x_wconf 78' lang='lat' dir='ltr'><strong>quoad</strong></span> <span class='ocrx_word' id='word_1_19' title='bbox 581 599 619 660; x_wconf 84' lang='lat' dir='ltr'><strong>id</strong></span> <span class='ocrx_word' id='word_1_20' title='bbox 632 599 759 682; x_wconf 80' lang='lat' dir='ltr'><strong>pondua</strong></span> <span class='ocrx_word' id='word_1_21' title='bbox 780 604 894 660; x_wconf 80' lang='lat' dir='ltr'><strong>emari</strong></span> <span class='ocrx_word' id='word_1_22' title='bbox 912 602 1072 661; x_wconf 82' lang='lat' dir='ltr'><strong>emerserit.</strong></span> <span class='ocrx_word' id='word_1_23' title='bbox 1113 602 1197 680; x_wconf 83' lang='lat' dir='ltr'><strong>quod</strong></span> <span class='ocrx_word' id='word_1_24' title='bbox 1208 623 1291 664; x_wconf 88' lang='lat' dir='ltr'><strong>nuu-</strong></span> <span class='ocrx_word' id='word_1_25' title='bbox 1339 668 1343 677; x_wconf 64' lang='grc'><em>,</em></span> 
     </span>
    </p>
   </div>
   <div class='ocr_carea' id='block_1_3' title="bbox 6 534 1293 1359">
    <p class='ocr_par' dir='ltr' id='par_1_3' title="bbox 6 534 1293 1359">
     <span class='ocr_line' id='line_1_4' title="bbox 8 534 21 573; baseline 0 0"><span class='ocrx_word' id='word_1_26' title='bbox 8 534 21 573; x_wconf 83' lang='grc' dir='ltr'><strong><em>ο</em></strong></span> 
     </span>
     <span class='ocr_line' id='line_1_5' title="bbox 8 628 16 663; baseline 0 0"><span class='ocrx_word' id='word_1_27' title='bbox 8 628 16 663; x_wconf 95' lang='grc' dir='ltr'>Ι</span> 
     </span>
     <span class='ocr_line' id='line_1_6' title="bbox 8 683 1293 769; baseline 0.003 -22"><span class='ocrx_word' id='word_1_28' title='bbox 8 694 18 747; x_wconf 84' lang='lat' dir='ltr'><strong>i</strong></span> <span class='ocrx_word' id='word_1_29' title='bbox 195 705 285 765; x_wconf 82' lang='lat' dir='ltr'><strong>quam</strong></span> <span class='ocrx_word' id='word_1_30' title='bbox 299 685 410 745; x_wconf 84' lang='lat' dir='ltr'><strong>scilicet</strong></span> <span class='ocrx_word' id='word_1_31' title='bbox 426 686 563 746; x_wconf 78' lang='lat' dir='ltr'><strong>futurum</strong></span> <span class='ocrx_word' id='word_1_32' title='bbox 574 685 623 746; x_wconf 89' lang='lat' dir='ltr'><strong>sit.</strong></span> <span class='ocrx_word' id='word_1_33' title='bbox 663 686 707 746; x_wconf 84' lang='lat' dir='ltr'><strong>ita</strong></span> <span class='ocrx_word' id='word_1_34' title='bbox 726 685 792 763; x_wconf 87' lang='lat' dir='ltr'><strong>ille;</strong></span> <span class='ocrx_word' id='word_1_35' title='bbox 818 685 902 765; x_wconf 84' lang='lat' dir='ltr'><strong>quod</strong></span> <span class='ocrx_word' id='word_1_36' title='bbox 921 687 996 746; x_wconf 81' lang='lat' dir='ltr'><strong>ferri</strong></span> <span class='ocrx_word' id='word_1_37' title='bbox 1011 694 1112 767; x_wconf 79' lang='lat' dir='ltr'><strong>posset</strong></span> <span class='ocrx_word' id='word_1_38' title='bbox 1131 686 1157 746; x_wconf 90' lang='lat' dir='ltr'><strong>si</strong></span> <span class='ocrx_word' id='word_1_39' title='bbox 1179 683 1293 769; x_wconf 69' lang='grc' dir='ltr'><strong><em>μύδρος</em></strong></span> 
     </span>
     <span class='ocr_line' id='line_1_7' title="bbox 8 769 1292 853; baseline 0.002 -23"><span class='ocrx_word' id='word_1_40' title='bbox 8 780 18 836; x_wconf 72' lang='lat' dir='ltr'><strong>i</strong></span> <span class='ocrx_word' id='word_1_41' title='bbox 195 791 257 832; x_wconf 87' lang='lat' dir='ltr'><strong>non</strong></span> <span class='ocrx_word' id='word_1_42' title='bbox 273 770 465 850; x_wconf 82' lang='lat' dir='ltr'><strong>significaret,</strong></span> <span class='ocrx_word' id='word_1_43' title='bbox 486 779 523 830; x_wconf 92' lang='lat' dir='ltr'><strong>ut</strong></span> <span class='ocrx_word' id='word_1_44' title='bbox 539 770 603 850; x_wconf 85' lang='lat' dir='ltr'><strong>ipse</strong></span> <span class='ocrx_word' id='word_1_45' title='bbox 623 769 729 845; x_wconf 81' lang='lat' dir='ltr'><strong>doust,</strong></span> <span class='ocrx_word' id='word_1_46' title='bbox 755 770 1027 852; x_wconf 73' lang='grc' dir='ltr'><strong><em>ποοοροκοωμένον</em></strong></span> <span class='ocrx_word' id='word_1_47' title='bbox 1044 773 1179 853; x_wconf 72' lang='grc' dir='ltr'><strong>σίδηρον.</strong></span> <span class='ocrx_word' id='word_1_48' title='bbox 1219 792 1292 833; x_wconf 88' lang='lat' dir='ltr'><strong>nam</strong></span> 
     </span>
     <span class='ocr_line' id='line_1_8' title="bbox 7 968 15 1009; baseline 0 0"><span class='ocrx_word' id='word_1_49' title='bbox 7 968 15 1009; x_wconf 81' lang='lat' dir='ltr'><strong>i</strong></span> 
     </span>
     <span class='ocr_line' id='line_1_9' title="bbox 7 1060 15 1097; baseline 0 0"><span class='ocrx_word' id='word_1_50' title='bbox 7 1060 15 1097; x_wconf 84' lang='lat' dir='ltr'><strong>i</strong></span> 
     </span>
     <span class='ocr_line' id='line_1_10' title="bbox 7 1146 12 1183; baseline 0 0"><span class='ocrx_word' id='word_1_51' title='bbox 7 1146 12 1183; x_wconf 81' lang='lat' dir='ltr'><strong>i</strong></span> 
     </span>
     <span class='ocr_line' id='line_1_11' title="bbox 6 1226 12 1271; baseline 0 0"><span class='ocrx_word' id='word_1_52' title='bbox 6 1226 12 1271; x_wconf 76' lang='lat' dir='ltr'><strong>i</strong></span> 
     </span>
     <span class='ocr_line' id='line_1_12' title="bbox 6 1322 10 1359; baseline 0 0"><span class='ocrx_word' id='word_1_53' title='bbox 6 1322 10 1359; x_wconf 82' lang='lat' dir='ltr'><strong>l</strong></span> 
     </span>
    </p>
   </div>
   <div class='ocr_carea' id='block_1_4' title="bbox 5 853 1363 2487">
    <p class='ocr_par' dir='ltr' id='par_1_4' title="bbox 5 853 1353 1720">
     <span class='ocr_line' id='line_1_13' title="bbox 194 853 1293 936; baseline 0.002 -20"><span class='ocrx_word' id='word_1_54' title='bbox 194 855 269 934; x_wconf 80' lang='lat' dir='ltr'><strong>quid</strong></span> <span class='ocrx_word' id='word_1_55' title='bbox 282 855 374 916; x_wconf 88' lang='lat' dir='ltr'><strong>ardor</strong></span> <span class='ocrx_word' id='word_1_56' title='bbox 387 853 439 915; x_wconf 85' lang='lat' dir='ltr'><strong>hio</strong></span> <span class='ocrx_word' id='word_1_57' title='bbox 450 855 578 931; x_wconf 67' lang='lat' dir='ltr'><strong>uarat,</strong></span> <span class='ocrx_word' id='word_1_58' title='bbox 598 854 652 915; x_wconf 88' lang='lat' dir='ltr'><strong>ubi</strong></span> <span class='ocrx_word' id='word_1_59' title='bbox 666 853 784 935; x_wconf 88' lang='lat' dir='ltr'><strong>pondus</strong></span> <span class='ocrx_word' id='word_1_60' title='bbox 801 855 898 915; x_wconf 86' lang='lat' dir='ltr'><strong>solum</strong></span> <span class='ocrx_word' id='word_1_61' title='bbox 908 854 942 915; x_wconf 89' lang='lat' dir='ltr'><strong>iu</strong></span> <span class='ocrx_word' id='word_1_62' title='bbox 953 876 1049 915; x_wconf 84' lang='lat' dir='ltr'><strong>masaa</strong></span> <span class='ocrx_word' id='word_1_63' title='bbox 1068 857 1142 918; x_wconf 83' lang='lat' dir='ltr'><strong>ferri</strong></span> <span class='ocrx_word' id='word_1_64' title='bbox 1154 858 1293 936; x_wconf 82' lang='lat' dir='ltr'><strong>require-</strong></span> 
     </span>
     <span class='ocr_line' id='line_1_14' title="bbox 192 940 1293 1020; baseline 0.004 -19"><span class='ocrx_word' id='word_1_65' title='bbox 192 941 307 1002; x_wconf 76' lang='lat' dir='ltr'><strong>baturi</strong></span> <span class='ocrx_word' id='word_1_66' title='bbox 331 958 423 1020; x_wconf 87' lang='lat' dir='ltr'><strong>quare</strong></span> <span class='ocrx_word' id='word_1_67' title='bbox 443 940 545 1000; x_wconf 81' lang='lat' dir='ltr'><strong>verior</strong></span> <span class='ocrx_word' id='word_1_68' title='bbox 565 949 612 1000; x_wconf 85' lang='lat' dir='ltr'><strong>est</strong></span> <span class='ocrx_word' id='word_1_69' title='bbox 627 940 734 1015; x_wconf 89' lang='lat' dir='ltr'><strong>altera,</strong></span> <span class='ocrx_word' id='word_1_70' title='bbox 762 958 852 1018; x_wconf 86' lang='lat' dir='ltr'><strong>qnam</strong></span> <span class='ocrx_word' id='word_1_71' title='bbox 872 958 945 999; x_wconf 82' lang='lat' dir='ltr'><strong>mox</strong></span> <span class='ocrx_word' id='word_1_72' title='bbox 975 940 1109 1018; x_wconf 72' lang='lat' dir='ltr'><strong>subiicit,</strong></span> <span class='ocrx_word' id='word_1_73' title='bbox 1134 944 1293 1006; x_wconf 71' lang='lat' dir='ltr'><strong>mutantia.</strong></span> 
     </span>
     <span class='ocr_line' id='line_1_15' title="bbox 194 1018 1292 1131; baseline 0.003 -40"><span class='ocrx_word' id='word_1_74' title='bbox 194 1021 326 1091; x_wconf 71' lang='grc' dir='ltr'><strong><em>εἰώθασι</em></strong></span> <span class='ocrx_word' id='word_1_75' title='bbox 341 1023 375 1090; x_wconf 74' lang='grc' dir='ltr'><strong>δὲ</strong></span> <span class='ocrx_word' id='word_1_76' title='bbox 386 1020 553 1105; x_wconf 72' lang='grc' dir='ltr'><strong><em>ὀμνύοντες</em></strong></span> <span class='ocrx_word' id='word_1_77' title='bbox 565 1023 748 1131; x_wconf 53' lang='lat' dir='ltr'><strong>subrisisse</strong></span> <span class='ocrx_word' id='word_1_78' title='bbox 767 1018 902 1100; x_wconf 73' lang='grc' dir='ltr'><strong>διδόντες</strong></span> <span class='ocrx_word' id='word_1_79' title='bbox 916 1020 1051 1131; x_wconf 54' lang='grc' dir='ltr'><strong><em>μδδρωρ</em></strong></span> <span class='ocrx_word' id='word_1_80' title='bbox 1066 1023 1221 1131; x_wconf 60' lang='grc' dir='ltr'><strong>βοοτὲζειν</strong></span> <span class='ocrx_word' id='word_1_81' title='bbox 1237 1028 1292 1094; x_wconf 77' lang='lat' dir='ltr'><strong>sul</strong></span> 
     </span>
     <span class='ocr_line' id='line_1_16' title="bbox 193 1105 1294 1278; baseline -0.005 -16"><span class='ocrx_word' id='word_1_82' title='bbox 193 1105 909 1278; x_wconf 43' lang='lat' dir='ltr'><strong>,immmenso</strong></span> <span class='ocrx_word' id='word_1_83' title='bbox 922 1112 1294 1275; x_wconf 65' lang='lat' dir='ltr'><strong>,ef</strong></span> 
     </span>
     <span class='ocr_line' id='line_1_17' title="bbox 194 1279 1353 1362; baseline 0 -21"><span class='ocrx_word' id='word_1_84' title='bbox 194 1302 259 1341; x_wconf 81' lang='lat' dir='ltr'><strong>cere</strong></span> <span class='ocrx_word' id='word_1_85' title='bbox 278 1279 432 1340; x_wconf 72' lang='lat' dir='ltr'><em>studentes</em></span> <span class='ocrx_word' id='word_1_86' title='bbox 438 1283 525 1358; x_wconf 84' lang='lat' dir='ltr'><strong>ferri</strong></span> <span class='ocrx_word' id='word_1_87' title='bbox 536 1301 658 1341; x_wconf 71' lang='lat' dir='ltr'><strong>meaa</strong></span> <span class='ocrx_word' id='word_1_88' title='bbox 675 1283 927 1362; x_wconf 65' lang='lat' dir='ltr'><strong>s&#39;gnatuaportare</strong></span> <span class='ocrx_word' id='word_1_89' title='bbox 939 1291 967 1340; x_wconf 83' lang='lat' dir='ltr'><strong>et</strong></span> <span class='ocrx_word' id='word_1_90' title='bbox 983 1302 1075 1361; x_wconf 76' lang='lat' dir='ltr'><strong>super</strong></span> <span class='ocrx_word' id='word_1_91' title='bbox 1083 1301 1206 1360; x_wconf 81' lang='lat' dir='ltr'><strong>prunas</strong></span> <span class='ocrx_word' id='word_1_92' title='bbox 1220 1304 1291 1341; x_wconf 81' lang='lat' dir='ltr'><strong>unu-</strong></span> <span class='ocrx_word' id='word_1_93' title='bbox 1348 1311 1353 1325; x_wconf 89' lang='lat'><strong>·</strong></span> 
     </span>
     <span class='ocr_line' id='line_1_18' title="bbox 194 1365 1292 1448; baseline 0.003 -22"><span class='ocrx_word' id='word_1_94' title='bbox 194 1367 316 1438; x_wconf 78' lang='lat' dir='ltr'><strong>balare,</strong></span> <span class='ocrx_word' id='word_1_95' title='bbox 345 1370 551 1427; x_wconf 72' lang='lat' dir='ltr'><strong>existimantes</strong></span> <span class='ocrx_word' id='word_1_96' title='bbox 570 1369 651 1427; x_wconf 79' lang='lat' dir='ltr'><strong>eitra</strong></span> <span class='ocrx_word' id='word_1_97' title='bbox 669 1374 793 1427; x_wconf 72' lang='lat' dir='ltr'><strong>smum</strong></span> <span class='ocrx_word' id='word_1_98' title='bbox 810 1365 927 1428; x_wconf 78' lang='lat' dir='ltr'><strong>doloris</strong></span> <span class='ocrx_word' id='word_1_99' title='bbox 944 1365 982 1426; x_wconf 84' lang='lat' dir='ltr'><strong>id</strong></span> <span class='ocrx_word' id='word_1_100' title='bbox 990 1366 1140 1448; x_wconf 78' lang='lat' dir='ltr'><strong>facturos</strong></span> <span class='ocrx_word' id='word_1_101' title='bbox 1160 1387 1212 1426; x_wconf 84' lang='lat' dir='ltr'><strong>eos</strong></span> <span class='ocrx_word' id='word_1_102' title='bbox 1234 1371 1292 1448; x_wconf 74' lang='lat' dir='ltr'><strong>qao·</strong></span> 
     </span>
     <span class='ocr_line' id='line_1_19' title="bbox 193 1450 736 1531; baseline 0.002 -18"><span class='ocrx_word' id='word_1_103' title='bbox 193 1452 314 1513; x_wconf 72' lang='lat' dir='ltr'><strong>nullius</strong></span> <span class='ocrx_word' id='word_1_104' title='bbox 324 1452 386 1512; x_wconf 79' lang='lat' dir='ltr'><strong>sihi</strong></span> <span class='ocrx_word' id='word_1_105' title='bbox 398 1450 650 1531; x_wconf 80' lang='lat' dir='ltr'><strong>eomciifreudio</strong></span> <span class='ocrx_word' id='word_1_106' title='bbox 663 1455 736 1514; x_wconf 84' lang='lat' dir='ltr'><strong>sint.</strong></span> 
     </span>
     <span class='ocr_line' id='line_1_20' title="bbox 271 1550 1291 1635; baseline -0.002 -20"><span class='ocrx_word' id='word_1_107' title='bbox 271 1558 307 1615; x_wconf 55' lang='grc' dir='ltr'><strong>Ὗ.</strong></span> <span class='ocrx_word' id='word_1_108' title='bbox 322 1554 352 1619; x_wconf 83' lang='grc'><strong>8.</strong></span> <span class='ocrx_word' id='word_1_109' title='bbox 395 1551 481 1635; x_wconf 80' lang='lat' dir='ltr'><strong>quod</strong></span> <span class='ocrx_word' id='word_1_110' title='bbox 497 1565 639 1615; x_wconf 67' lang='lat' dir='ltr'><strong>sonuum</strong></span> <span class='ocrx_word' id='word_1_111' title='bbox 656 1555 815 1616; x_wconf 71' lang='lat' dir='ltr'><strong>vocatam</strong></span> <span class='ocrx_word' id='word_1_112' title='bbox 856 1552 946 1613; x_wconf 89' lang='lat' dir='ltr'><strong>etiam</strong></span> <span class='ocrx_word' id='word_1_113' title='bbox 959 1550 1129 1633; x_wconf 74' lang='lat' dir='ltr'><strong>Acropolita</strong></span> <span class='ocrx_word' id='word_1_114' title='bbox 1140 1553 1207 1613; x_wconf 88' lang='lat' dir='ltr'><strong>looo</strong></span> <span class='ocrx_word' id='word_1_115' title='bbox 1221 1552 1291 1613; x_wconf 88' lang='lat' dir='ltr'><strong>lau-</strong></span> 
     </span>
     <span class='ocr_line' id='line_1_21' title="bbox 5 1632 1290 1720; baseline 0.001 -22"><span class='ocrx_word' id='word_1_116' title='bbox 5 1696 6 1703; x_wconf 71' lang='grc'>,</span> <span class='ocrx_word' id='word_1_117' title='bbox 195 1636 283 1714; x_wconf 78' lang='lat' dir='ltr'><strong>dato,</strong></span> <span class='ocrx_word' id='word_1_118' title='bbox 302 1660 332 1720; x_wconf 85' lang='lat' dir='ltr'><strong>p.</strong></span> <span class='ocrx_word' id='word_1_119' title='bbox 347 1638 399 1717; x_wconf 80' lang='lat'><strong>68,</strong></span> <span class='ocrx_word' id='word_1_120' title='bbox 424 1632 536 1700; x_wconf 80' lang='lat' dir='ltr'><strong>terrim</strong></span> <span class='ocrx_word' id='word_1_121' title='bbox 554 1640 683 1701; x_wconf 87' lang='lat' dir='ltr'><strong>oandens</strong></span> <span class='ocrx_word' id='word_1_122' title='bbox 703 1662 763 1720; x_wconf 89' lang='lat' dir='ltr'><strong>quo</strong></span> <span class='ocrx_word' id='word_1_123' title='bbox 786 1638 826 1700; x_wconf 82' lang='lat' dir='ltr'><strong>ad</strong></span> <span class='ocrx_word' id='word_1_124' title='bbox 846 1638 990 1701; x_wconf 84' lang='lat' dir='ltr'><strong>eiusmodi</strong></span> <span class='ocrx_word' id='word_1_125' title='bbox 1011 1639 1201 1720; x_wconf 73' lang='lat' dir='ltr'><strong>purgationes</strong></span> <span class='ocrx_word' id='word_1_126' title='bbox 1219 1648 1290 1699; x_wconf 91' lang='lat' dir='ltr'><strong>ute-</strong></span> 
     </span>
    </p>

    <p class='ocr_par' dir='ltr' id='par_1_5' title="bbox 60 1718 1363 2487">
     <span class='ocr_line' id='line_1_22' title="bbox 60 1718 1292 1807; baseline 0.002 -25"><span class='ocrx_word' id='word_1_127' title='bbox 60 1746 71 1761; x_wconf 65' lang='lat'><strong>*</strong></span> <span class='ocrx_word' id='word_1_128' title='bbox 193 1723 306 1783; x_wconf 84' lang='lat' dir='ltr'><strong>bantur</strong></span> <span class='ocrx_word' id='word_1_129' title='bbox 327 1718 416 1807; x_wconf 74' lang='grc' dir='ltr'><strong><em>ἅγιον</em></strong></span> <span class='ocrx_word' id='word_1_130' title='bbox 436 1736 580 1785; x_wconf 69' lang='lat' dir='ltr'><strong>sannam</strong></span> <span class='ocrx_word' id='word_1_131' title='bbox 598 1725 701 1786; x_wconf 76' lang='lat' dir='ltr'><strong>vocari</strong></span> <span class='ocrx_word' id='word_1_132' title='bbox 720 1726 840 1786; x_wconf 84' lang='lat' dir='ltr'><strong>solitum</strong></span> <span class='ocrx_word' id='word_1_133' title='bbox 860 1723 985 1787; x_wconf 76' lang='lat' dir='ltr'><strong>mdicrt.</strong></span> <span class='ocrx_word' id='word_1_134' title='bbox 1025 1723 1059 1782; x_wconf 87' lang='lat' dir='ltr'><strong>in</strong></span> <span class='ocrx_word' id='word_1_135' title='bbox 1079 1723 1174 1783; x_wconf 88' lang='lat' dir='ltr'><strong>Gallia</strong></span> <span class='ocrx_word' id='word_1_136' title='bbox 1189 1733 1292 1784; x_wconf 88' lang='lat' dir='ltr'><strong>tamen</strong></span> 
     </span>
     <span class='ocr_line' id='line_1_23' title="bbox 195 1807 1328 1892; baseline -0.003 -24"><span class='ocrx_word' id='word_1_137' title='bbox 195 1807 349 1868; x_wconf 82' lang='lat' dir='ltr'><strong>iudicium</strong></span> <span class='ocrx_word' id='word_1_138' title='bbox 364 1809 585 1890; x_wconf 75' lang='lat' dir='ltr'><strong>appellabatur,</strong></span> <span class='ocrx_word' id='word_1_139' title='bbox 606 1819 642 1870; x_wconf 92' lang='lat' dir='ltr'><strong>ut</strong></span> <span class='ocrx_word' id='word_1_140' title='bbox 660 1811 849 1892; x_wconf 77' lang='lat' dir='ltr'><strong>intelligimus</strong></span> <span class='ocrx_word' id='word_1_141' title='bbox 868 1828 907 1869; x_wconf 85' lang='lat' dir='ltr'><strong>ex</strong></span> <span class='ocrx_word' id='word_1_142' title='bbox 927 1807 1055 1868; x_wconf 73' lang='lat' dir='ltr'><strong>formula</strong></span> <span class='ocrx_word' id='word_1_143' title='bbox 1076 1808 1203 1887; x_wconf 86' lang='lat' dir='ltr'><strong>quadam</strong></span> <span class='ocrx_word' id='word_1_144' title='bbox 1216 1829 1294 1888; x_wconf 86' lang='lat' dir='ltr'><strong>pur-</strong></span> <span class='ocrx_word' id='word_1_145' title='bbox 1325 1860 1328 1865; x_wconf 92' lang='lat'>.</span> 
     </span>
     <span class='ocr_line' id='line_1_24' title="bbox 194 1893 1294 1975; baseline 0.001 -22"><span class='ocrx_word' id='word_1_146' title='bbox 194 1895 320 1975; x_wconf 76' lang='lat' dir='ltr'><strong>gationis</strong></span> <span class='ocrx_word' id='word_1_147' title='bbox 338 1894 505 1955; x_wconf 70' lang='lat' dir='ltr'><strong>istiusmodi</strong></span> <span class='ocrx_word' id='word_1_148' title='bbox 524 1896 586 1956; x_wconf 82' lang='lat' dir='ltr'><strong>illie</strong></span> <span class='ocrx_word' id='word_1_149' title='bbox 603 1896 747 1973; x_wconf 83' lang='lat' dir='ltr'><strong>usitatae,</strong></span> <span class='ocrx_word' id='word_1_150' title='bbox 776 1915 864 1975; x_wconf 87' lang='lat' dir='ltr'><strong>quam</strong></span> <span class='ocrx_word' id='word_1_151' title='bbox 883 1895 1000 1974; x_wconf 81' lang='lat' dir='ltr'><strong>profert</strong></span> <span class='ocrx_word' id='word_1_152' title='bbox 1024 1893 1129 1953; x_wconf 85' lang='lat' dir='ltr'><strong>Petrus</strong></span> <span class='ocrx_word' id='word_1_153' title='bbox 1150 1894 1294 1973; x_wconf 81' lang='lat' dir='ltr'><strong>boyerius</strong></span> 
     </span>
     <span class='ocr_line' id='line_1_25' title="bbox 194 1978 1293 2062; baseline -0.002 -22"><span class='ocrx_word' id='word_1_154' title='bbox 194 2000 235 2040; x_wconf 83' lang='lat' dir='ltr'><strong>ex</strong></span> <span class='ocrx_word' id='word_1_155' title='bbox 247 1982 277 2039; x_wconf 87' lang='lat' dir='ltr'><strong>S.</strong></span> <span class='ocrx_word' id='word_1_156' title='bbox 290 1979 422 2043; x_wconf 81' lang='lat' dir='ltr'><strong>Mauritii</strong></span> <span class='ocrx_word' id='word_1_157' title='bbox 433 1979 652 2062; x_wconf 71' lang='lat' dir='ltr'><strong>Andagarmir</strong></span> <span class='ocrx_word' id='word_1_158' title='bbox 667 1982 824 2058; x_wconf 84' lang='lat' dir='ltr'><strong>tabulario,</strong></span> <span class='ocrx_word' id='word_1_159' title='bbox 836 1990 867 2041; x_wconf 87' lang='lat' dir='ltr'><strong>et</strong></span> <span class='ocrx_word' id='word_1_160' title='bbox 879 1999 918 2039; x_wconf 82' lang='lat' dir='ltr'><strong>ox</strong></span> <span class='ocrx_word' id='word_1_161' title='bbox 934 1978 1086 2040; x_wconf 72' lang='lat' dir='ltr'><strong>eoncitat</strong></span> <span class='ocrx_word' id='word_1_162' title='bbox 1098 1978 1197 2038; x_wconf 89' lang='lat' dir='ltr'><strong>Delrio</strong></span> <span class='ocrx_word' id='word_1_163' title='bbox 1211 1987 1293 2038; x_wconf 86' lang='lat' dir='ltr'><strong>tomo</strong></span> 
     </span>
     <span class='ocr_line' id='line_1_26' title="bbox 193 2062 1292 2146; baseline 0.002 -24"><span class='ocrx_word' id='word_1_164' title='bbox 193 2069 216 2130; x_wconf 79' lang='lat'>2</span> <span class='ocrx_word' id='word_1_165' title='bbox 230 2064 309 2143; x_wconf 81' lang='lat' dir='ltr'><strong>Diaq.</strong></span> <span class='ocrx_word' id='word_1_166' title='bbox 320 2062 396 2144; x_wconf 81' lang='lat' dir='ltr'><strong>blag.</strong></span> <span class='ocrx_word' id='word_1_167' title='bbox 411 2064 432 2126; x_wconf 91' lang='lat' dir='ltr'><strong>l.</strong></span> <span class='ocrx_word' id='word_1_168' title='bbox 445 2064 466 2130; x_wconf 78' lang='grc'><strong>4</strong></span> <span class='ocrx_word' id='word_1_169' title='bbox 479 2087 504 2131; x_wconf 88' lang='lat' dir='ltr'><strong>c.</strong></span> <span class='ocrx_word' id='word_1_170' title='bbox 520 2067 541 2131; x_wconf 78' lang='grc'>4</span> <span class='ocrx_word' id='word_1_171' title='bbox 555 2087 583 2146; x_wconf 90' lang='lat' dir='ltr'><strong>q.</strong></span> <span class='ocrx_word' id='word_1_172' title='bbox 593 2070 614 2130; x_wconf 81' lang='lat'>4</span> <span class='ocrx_word' id='word_1_173' title='bbox 626 2075 695 2127; x_wconf 81' lang='lat' dir='ltr'><strong>sect</strong></span> <span class='ocrx_word' id='word_1_174' title='bbox 710 2070 740 2132; x_wconf 82' lang='grc'><strong>8.</strong></span> <span class='ocrx_word' id='word_1_175' title='bbox 760 2066 813 2127; x_wconf 90' lang='lat' dir='ltr'><strong>ubi</strong></span> <span class='ocrx_word' id='word_1_176' title='bbox 826 2065 951 2146; x_wconf 74' lang='lat' dir='ltr'><strong>legiture</strong></span> <span class='ocrx_word' id='word_1_177' title='bbox 972 2075 1078 2144; x_wconf 82' lang='lat' dir='ltr'><strong>sponte</strong></span> <span class='ocrx_word' id='word_1_178' title='bbox 1088 2085 1149 2123; x_wconf 85' lang='lat' dir='ltr'><strong>auo</strong></span> <span class='ocrx_word' id='word_1_179' title='bbox 1160 2086 1191 2122; x_wconf 88' lang='lat' dir='ltr'><strong>ss</strong></span> <span class='ocrx_word' id='word_1_180' title='bbox 1202 2063 1292 2124; x_wconf 82' lang='lat' dir='ltr'><strong>iudi-</strong></span> 
     </span>
     <span class='ocr_line' id='line_1_27' title="bbox 193 2148 1295 2231; baseline -0.001 -22"><span class='ocrx_word' id='word_1_181' title='bbox 193 2152 276 2209; x_wconf 85' lang='lat' dir='ltr'><strong>cium</strong></span> <span class='ocrx_word' id='word_1_182' title='bbox 283 2160 484 2229; x_wconf 80' lang='lat' dir='ltr'><strong>portaturum</strong></span> <span class='ocrx_word' id='word_1_183' title='bbox 494 2172 591 2211; x_wconf 82' lang='lat' dir='ltr'><strong>manu</strong></span> <span class='ocrx_word' id='word_1_184' title='bbox 603 2172 664 2211; x_wconf 81' lang='lat' dir='ltr'><strong>sua</strong></span> <span class='ocrx_word' id='word_1_185' title='bbox 680 2152 799 2229; x_wconf 75' lang='lat' dir='ltr'><strong>obtulit,</strong></span> <span class='ocrx_word' id='word_1_186' title='bbox 821 2160 853 2212; x_wconf 86' lang='lat' dir='ltr'><strong>et</strong></span> <span class='ocrx_word' id='word_1_187' title='bbox 863 2151 956 2210; x_wconf 82' lang='lat' dir='ltr'><strong>inira:</strong></span> <span class='ocrx_word' id='word_1_188' title='bbox 972 2160 1047 2230; x_wconf 82' lang='lat' dir='ltr'><strong>post</strong></span> <span class='ocrx_word' id='word_1_189' title='bbox 1058 2148 1211 2208; x_wconf 75' lang='lat' dir='ltr'><strong>iudicium</strong></span> <span class='ocrx_word' id='word_1_190' title='bbox 1220 2171 1295 2231; x_wconf 82' lang='lat' dir='ltr'><strong>por·-</strong></span> 
     </span>
     <span class='ocr_line' id='line_1_28' title="bbox 193 2234 1293 2318; baseline 0.002 -26"><span class='ocrx_word' id='word_1_191' title='bbox 193 2243 294 2292; x_wconf 77' lang='lat' dir='ltr'><strong>saram</strong></span> <span class='ocrx_word' id='word_1_192' title='bbox 314 2234 479 2294; x_wconf 75' lang='lat' dir='ltr'><strong>l&#39;etbaldua</strong></span> <span class='ocrx_word' id='word_1_193' title='bbox 490 2237 559 2314; x_wconf 75' lang='lat' dir='ltr'><strong>tlte,</strong></span> <span class='ocrx_word' id='word_1_194' title='bbox 581 2235 636 2295; x_wconf 85' lang='lat' dir='ltr'><strong>deo</strong></span> <span class='ocrx_word' id='word_1_195' title='bbox 650 2238 854 2318; x_wconf 77' lang='lat' dir='ltr'><strong>propitiante,</strong></span> <span class='ocrx_word' id='word_1_196' title='bbox 875 2236 1003 2295; x_wconf 70' lang='lat' dir='ltr'><strong>ilicem</strong></span> <span class='ocrx_word' id='word_1_197' title='bbox 1018 2245 1046 2294; x_wconf 85' lang='lat' dir='ltr'><strong>rt</strong></span> <span class='ocrx_word' id='word_1_198' title='bbox 1059 2256 1157 2295; x_wconf 77' lang='lat' dir='ltr'><strong>sursus</strong></span> <span class='ocrx_word' id='word_1_199' title='bbox 1171 2239 1293 2295; x_wconf 81' lang='lat' dir='ltr'><strong>omnino</strong></span> 
     </span>
     <span class='ocr_line' id='line_1_29' title="bbox 194 2318 1363 2487; baseline 0.003 -23"><span class='ocrx_word' id='word_1_200' title='bbox 194 2318 1045 2487; x_wconf 53' lang='lat' dir='ltr'><strong>ttffl‘ssmbtu‘ti‘ttbtttt‘</strong></span> <span class='ocrx_word' id='word_1_201' title='bbox 1058 2332 1294 2381; x_wconf 76' lang='lat'><strong>&#39;&#39;⁸⁰&#39;&#39;&#39;‘&#39;&#39;&#39;“&#39;““</strong></span> <span class='ocrx_word' id='word_1_202' title='bbox 1358 2382 1363 2391; x_wconf 83' lang='grc'><em>·</em></span> 
     </span>
    </p>
   </div>
   <div class='ocr_carea' id='block_1_5' title="bbox 191 2504 1397 3623">
    <p class='ocr_par' dir='ltr' id='par_1_6' title="bbox 191 2504 1292 2761">
     <span class='ocr_line' id='line_1_30' title="bbox 277 2504 1292 2587; baseline -0.001 -20"><span class='ocrx_word' id='word_1_203' title='bbox 277 2526 309 2567; x_wconf 84' lang='lat' dir='ltr'><strong>v.</strong></span> <span class='ocrx_word' id='word_1_204' title='bbox 324 2508 353 2571; x_wconf 84' lang='lat'><strong>9.</strong></span> <span class='ocrx_word' id='word_1_205' title='bbox 396 2504 501 2566; x_wconf 84' lang='lat' dir='ltr'><strong>triduo</strong></span> <span class='ocrx_word' id='word_1_206' title='bbox 516 2510 612 2587; x_wconf 83' lang='lat' dir='ltr'><strong>priua</strong></span> <span class='ocrx_word' id='word_1_207' title='bbox 625 2506 797 2568; x_wconf 77' lang='lat' dir='ltr'><strong>custoditus</strong></span> <span class='ocrx_word' id='word_1_208' title='bbox 812 2520 841 2567; x_wconf 79' lang='lat' dir='ltr'><strong>et</strong></span> <span class='ocrx_word' id='word_1_209' title='bbox 863 2529 959 2567; x_wconf 82' lang='lat' dir='ltr'><strong>menis</strong></span> <span class='ocrx_word' id='word_1_210' title='bbox 978 2507 1120 2566; x_wconf 79' lang='lat' dir='ltr'><strong>involuta</strong></span> <span class='ocrx_word' id='word_1_211' title='bbox 1132 2515 1189 2569; x_wconf 86' lang='lat' dir='ltr'><strong>eto.</strong></span> <span class='ocrx_word' id='word_1_212' title='bbox 1231 2505 1292 2566; x_wconf 89' lang='lat' dir='ltr'><strong>boe</strong></span> 
     </span>
     <span class='ocr_line' id='line_1_31' title="bbox 192 2589 1292 2673; baseline 0.001 -24"><span class='ocrx_word' id='word_1_213' title='bbox 192 2589 290 2670; x_wconf 87' lang='lat' dir='ltr'><strong>ipsum</strong></span> <span class='ocrx_word' id='word_1_214' title='bbox 305 2599 351 2651; x_wconf 88' lang='lat' dir='ltr'><strong>est</strong></span> <span class='ocrx_word' id='word_1_215' title='bbox 364 2590 445 2670; x_wconf 84' lang='lat' dir='ltr'><strong>quod</strong></span> <span class='ocrx_word' id='word_1_216' title='bbox 458 2592 548 2653; x_wconf 85' lang='lat' dir='ltr'><strong>modo</strong></span> <span class='ocrx_word' id='word_1_217' title='bbox 559 2594 703 2655; x_wconf 87' lang='lat' dir='ltr'><strong>iunuebat</strong></span> <span class='ocrx_word' id='word_1_218' title='bbox 719 2593 849 2654; x_wconf 73' lang='lat' dir='ltr'><strong>soi-mula</strong></span> <span class='ocrx_word' id='word_1_219' title='bbox 866 2592 1102 2673; x_wconf 63' lang='lat' dir='ltr'><strong>indagaveusis,</strong></span> <span class='ocrx_word' id='word_1_220' title='bbox 1123 2592 1181 2653; x_wconf 91' lang='lat' dir='ltr'><strong>illis</strong></span> <span class='ocrx_word' id='word_1_221' title='bbox 1192 2591 1292 2653; x_wconf 82' lang='lat' dir='ltr'><strong>verbis</strong></span> 
     </span>
     <span class='ocr_line' id='line_1_32' title="bbox 191 2675 837 2761; baseline 0.006 -26"><span class='ocrx_word' id='word_1_222' title='bbox 191 2697 319 2739; x_wconf 81' lang='lat' dir='ltr'><strong>manum</strong></span> <span class='ocrx_word' id='word_1_223' title='bbox 334 2679 426 2736; x_wconf 82' lang='lat' dir='ltr'><strong>tertie</strong></span> <span class='ocrx_word' id='word_1_224' title='bbox 438 2677 488 2736; x_wconf 83' lang='lat' dir='ltr'><strong>die</strong></span> <span class='ocrx_word' id='word_1_225' title='bbox 499 2675 537 2737; x_wconf 85' lang='lat' dir='ltr'><strong>de</strong></span> <span class='ocrx_word' id='word_1_226' title='bbox 552 2700 633 2739; x_wconf 84' lang='lat' dir='ltr'><strong>more</strong></span> <span class='ocrx_word' id='word_1_227' title='bbox 644 2678 837 2761; x_wconf 75' lang='lat' dir='ltr'><strong>reguarders&#39;.</strong></span> 
     </span>
    </p>

    <p class='ocr_par' dir='ltr' id='par_1_7' title="bbox 191 2772 1397 3623">
     <span class='ocr_line' id='line_1_33' title="bbox 277 2772 1291 2861; baseline -0.002 -21"><span class='ocrx_word' id='word_1_228' title='bbox 277 2798 308 2840; x_wconf 82' lang='lat' dir='ltr'><strong>v.</strong></span> <span class='ocrx_word' id='word_1_229' title='bbox 323 2782 372 2844; x_wconf 76' lang='lat'><strong>13.</strong></span> <span class='ocrx_word' id='word_1_230' title='bbox 412 2782 547 2860; x_wconf 71' lang='lat' dir='ltr'><strong>ignitm</strong></span> <span class='ocrx_word' id='word_1_231' title='bbox 568 2776 707 2861; x_wconf 67' lang='lat' dir='ltr'><strong>¹globatio.</strong></span> <span class='ocrx_word' id='word_1_232' title='bbox 747 2781 791 2841; x_wconf 88' lang='lat' dir='ltr'><strong>sio</strong></span> <span class='ocrx_word' id='word_1_233' title='bbox 809 2772 926 2861; x_wconf 72' lang='grc' dir='ltr'><strong><em>μύδρον</em></strong></span> <span class='ocrx_word' id='word_1_234' title='bbox 943 2778 994 2840; x_wconf 88' lang='lat' dir='ltr'><strong>hie</strong></span> <span class='ocrx_word' id='word_1_235' title='bbox 1015 2778 1112 2854; x_wconf 87' lang='lat' dir='ltr'><strong>verti,</strong></span> <span class='ocrx_word' id='word_1_236' title='bbox 1133 2776 1215 2854; x_wconf 82' lang='lat' dir='ltr'><strong>quod</strong></span> <span class='ocrx_word' id='word_1_237' title='bbox 1228 2798 1291 2838; x_wconf 87' lang='lat' dir='ltr'><strong>nou</strong></span> 
     </span>
     <span class='ocr_line' id='line_1_34' title="bbox 191 2860 1292 2946; baseline -0.001 -22"><span class='ocrx_word' id='word_1_238' title='bbox 191 2864 288 2931; x_wconf 88' lang='lat' dir='ltr'><strong>solum</strong></span> <span class='ocrx_word' id='word_1_239' title='bbox 309 2865 461 2926; x_wconf 76' lang='lat' dir='ltr'><strong>materiam</strong></span> <span class='ocrx_word' id='word_1_240' title='bbox 480 2866 603 2945; x_wconf 79' lang='lat' dir='ltr'><strong>ignitam</strong></span> <span class='ocrx_word' id='word_1_241' title='bbox 620 2867 674 2927; x_wconf 85' lang='lat' dir='ltr'><strong>sed</strong></span> <span class='ocrx_word' id='word_1_242' title='bbox 686 2866 812 2946; x_wconf 82' lang='lat' dir='ltr'><strong>figuram</strong></span> <span class='ocrx_word' id='word_1_243' title='bbox 831 2865 1027 2926; x_wconf 85' lang='lat' dir='ltr'><strong>orbicularem</strong></span> <span class='ocrx_word' id='word_1_244' title='bbox 1040 2871 1093 2943; x_wconf 75' lang='lat' dir='ltr'><strong>aut</strong></span> <span class='ocrx_word' id='word_1_245' title='bbox 1107 2860 1292 2939; x_wconf 86' lang='lat' dir='ltr'><strong>sphaericam</strong></span> 
     </span>
     <span class='ocr_line' id='line_1_35' title="bbox 191 2947 1290 3031; baseline -0.001 -23"><span class='ocrx_word' id='word_1_246' title='bbox 191 2968 228 3008; x_wconf 86' lang='lat' dir='ltr'><strong>sa</strong></span> <span class='ocrx_word' id='word_1_247' title='bbox 242 2968 318 3009; x_wconf 83' lang='lat' dir='ltr'><strong>voce</strong></span> <span class='ocrx_word' id='word_1_248' title='bbox 328 2949 454 3011; x_wconf 82' lang='lat' dir='ltr'><strong>iudicari</strong></span> <span class='ocrx_word' id='word_1_249' title='bbox 469 2950 590 3029; x_wconf 85' lang='lat' dir='ltr'><strong>quidam</strong></span> <span class='ocrx_word' id='word_1_250' title='bbox 603 2961 740 3013; x_wconf 82' lang='lat' dir='ltr'><strong>veterum</strong></span> <span class='ocrx_word' id='word_1_251' title='bbox 751 2951 932 3031; x_wconf 78' lang='lat' dir='ltr'><strong>significent,</strong></span> <span class='ocrx_word' id='word_1_252' title='bbox 958 2959 994 3008; x_wconf 88' lang='lat' dir='ltr'><strong>ut</strong></span> <span class='ocrx_word' id='word_1_253' title='bbox 1005 2949 1195 3025; x_wconf 79' lang='lat' dir='ltr'><strong>Anaxagoras</strong></span> <span class='ocrx_word' id='word_1_254' title='bbox 1209 2947 1290 3026; x_wconf 87' lang='lat' dir='ltr'><strong>apud</strong></span> 
     </span>
     <span class='ocr_line' id='line_1_36' title="bbox 192 3028 1290 3116; baseline -0.005 -22"><span class='ocrx_word' id='word_1_255' title='bbox 192 3035 346 3095; x_wconf 78' lang='lat' dir='ltr'><strong>Lairtium</strong></span> <span class='ocrx_word' id='word_1_256' title='bbox 361 3035 383 3096; x_wconf 86' lang='lat' dir='ltr'><strong>l.</strong></span> <span class='ocrx_word' id='word_1_257' title='bbox 400 3040 432 3111; x_wconf 83' lang='lat'><strong>2,</strong></span> <span class='ocrx_word' id='word_1_258' title='bbox 454 3035 528 3096; x_wconf 86' lang='lat' dir='ltr'><strong>dum</strong></span> <span class='ocrx_word' id='word_1_259' title='bbox 548 3035 641 3097; x_wconf 82' lang='lat' dir='ltr'><strong>solem</strong></span> <span class='ocrx_word' id='word_1_260' title='bbox 651 3036 780 3097; x_wconf 79' lang='lat' dir='ltr'><strong>vocabat</strong></span> <span class='ocrx_word' id='word_1_261' title='bbox 797 3030 914 3116; x_wconf 75' lang='grc' dir='ltr'><strong><em>μύδρον</em></strong></span> <span class='ocrx_word' id='word_1_262' title='bbox 927 3028 1087 3112; x_wconf 74' lang='grc' dir='ltr'><strong><em>διάπυρον.</em></strong></span> <span class='ocrx_word' id='word_1_263' title='bbox 1114 3030 1210 3099; x_wconf 81' lang='lat' dir='ltr'><strong>,unde</strong></span> <span class='ocrx_word' id='word_1_264' title='bbox 1222 3050 1290 3091; x_wconf 88' lang='lat' dir='ltr'><strong>ere·</strong></span> 
     </span>
     <span class='ocr_line' id='line_1_37' title="bbox 193 3114 1289 3202; baseline -0.005 -23"><span class='ocrx_word' id='word_1_265' title='bbox 193 3119 320 3180; x_wconf 82' lang='lat' dir='ltr'><strong>‹liderim</strong></span> <span class='ocrx_word' id='word_1_266' title='bbox 334 3139 444 3180; x_wconf 85' lang='lat' dir='ltr'><strong>massas</strong></span> <span class='ocrx_word' id='word_1_267' title='bbox 461 3121 533 3180; x_wconf 88' lang='lat' dir='ltr'><strong>istas</strong></span> <span class='ocrx_word' id='word_1_268' title='bbox 547 3119 602 3178; x_wconf 90' lang='lat' dir='ltr'><strong>ubi</strong></span> <span class='ocrx_word' id='word_1_269' title='bbox 622 3114 735 3202; x_wconf 74' lang='lat' dir='ltr'><strong>priipos</strong></span> <span class='ocrx_word' id='word_1_270' title='bbox 752 3119 957 3196; x_wconf 84' lang='lat' dir='ltr'><strong>vocabantur,</strong></span> <span class='ocrx_word' id='word_1_271' title='bbox 978 3135 1085 3195; x_wconf 82' lang='lat' dir='ltr'><strong>nempe</strong></span> <span class='ocrx_word' id='word_1_272' title='bbox 1104 3114 1138 3174; x_wconf 92' lang='lat' dir='ltr'><strong>in</strong></span> <span class='ocrx_word' id='word_1_273' title='bbox 1155 3116 1289 3194; x_wconf 84' lang='lat' dir='ltr'><strong>Graecia,</strong></span> 
     </span>
     <span class='ocr_line' id='line_1_38' title="bbox 192 3199 1290 3284; baseline 0 -22"><span class='ocrx_word' id='word_1_274' title='bbox 192 3203 329 3284; x_wconf 75' lang='lat' dir='ltr'><strong>globosae</strong></span> <span class='ocrx_word' id='word_1_275' title='bbox 342 3207 454 3265; x_wconf 82' lang='lat' dir='ltr'><strong>formas</strong></span> <span class='ocrx_word' id='word_1_276' title='bbox 465 3204 572 3278; x_wconf 78' lang='lat' dir='ltr'><strong>fuisso,</strong></span> <span class='ocrx_word' id='word_1_277' title='bbox 592 3223 656 3264; x_wconf 88' lang='lat' dir='ltr'><strong>non</strong></span> <span class='ocrx_word' id='word_1_278' title='bbox 670 3204 786 3264; x_wconf 81' lang='lat' dir='ltr'><strong>nescius</strong></span> <span class='ocrx_word' id='word_1_279' title='bbox 798 3204 885 3279; x_wconf 83' lang='lat' dir='ltr'><strong>abbi,</strong></span> <span class='ocrx_word' id='word_1_280' title='bbox 904 3204 987 3263; x_wconf 89' lang='lat' dir='ltr'><strong>utin</strong></span> <span class='ocrx_word' id='word_1_281' title='bbox 1007 3199 1164 3259; x_wconf 81' lang='lat' dir='ltr'><strong>Germania</strong></span> <span class='ocrx_word' id='word_1_282' title='bbox 1180 3222 1290 3262; x_wconf 89' lang='lat' dir='ltr'><strong>massas</strong></span> 
     </span>
     <span class='ocr_line' id='line_1_39' title="bbox 193 3284 1291 3369; baseline 0 -21"><span class='ocrx_word' id='word_1_283' title='bbox 193 3290 354 3351; x_wconf 83' lang='lat' dir='ltr'><strong>oandentes</strong></span> <span class='ocrx_word' id='word_1_284' title='bbox 366 3287 489 3348; x_wconf 84' lang='lat' dir='ltr'><strong>alterius</strong></span> <span class='ocrx_word' id='word_1_285' title='bbox 500 3287 612 3367; x_wconf 67' lang='lat' dir='ltr'><strong>liparae</strong></span> <span class='ocrx_word' id='word_1_286' title='bbox 626 3287 667 3347; x_wconf 84' lang='lat' dir='ltr'><strong>ad</strong></span> <span class='ocrx_word' id='word_1_287' title='bbox 680 3288 825 3349; x_wconf 87' lang='lat' dir='ltr'><strong>eiusmodi</strong></span> <span class='ocrx_word' id='word_1_288' title='bbox 838 3287 1042 3369; x_wconf 87' lang='lat' dir='ltr'><strong>probationem</strong></span> <span class='ocrx_word' id='word_1_289' title='bbox 1054 3284 1220 3365; x_wconf 83' lang='lat' dir='ltr'><strong>adhibitas,</strong></span> <span class='ocrx_word' id='word_1_290' title='bbox 1240 3287 1291 3348; x_wconf 91' lang='lat' dir='ltr'><strong>ni-</strong></span> 
     </span>
     <span class='ocr_line' id='line_1_40' title="bbox 194 3371 1397 3452; baseline -0.002 -17"><span class='ocrx_word' id='word_1_291' title='bbox 194 3375 304 3435; x_wconf 82' lang='lat' dir='ltr'><strong>mirum</strong></span> <span class='ocrx_word' id='word_1_292' title='bbox 315 3391 467 3448; x_wconf 78' lang='lat' dir='ltr'><strong>vomeres3</strong></span> <span class='ocrx_word' id='word_1_293' title='bbox 487 3371 620 3451; x_wconf 80' lang='lat' dir='ltr'><strong>qualium</strong></span> <span class='ocrx_word' id='word_1_294' title='bbox 632 3391 686 3433; x_wconf 79' lang='lat' dir='ltr'><strong>sex</strong></span> <span class='ocrx_word' id='word_1_295' title='bbox 697 3372 889 3434; x_wconf 83' lang='lat' dir='ltr'><strong>candentium</strong></span> <span class='ocrx_word' id='word_1_296' title='bbox 908 3380 1033 3451; x_wconf 78' lang='lat' dir='ltr'><strong>arrepto</strong></span> <span class='ocrx_word' id='word_1_297' title='bbox 1042 3380 1225 3452; x_wconf 84' lang='lat' dir='ltr'><strong>portatuqua</strong></span> <span class='ocrx_word' id='word_1_298' title='bbox 1239 3374 1289 3433; x_wconf 88' lang='lat' dir='ltr'><strong>in·</strong></span> <span class='ocrx_word' id='word_1_299' title='bbox 1305 3385 1329 3441; x_wconf 79' lang='grc' dir='ltr'>Ρ</span> <span class='ocrx_word' id='word_1_300' title='bbox 1344 3387 1397 3443; x_wconf 72' lang='lat'><strong>442</strong></span> 
     </span>
     <span class='ocr_line' id='line_1_41' title="bbox 194 3455 1291 3541; baseline -0.001 -18"><span class='ocrx_word' id='word_1_301' title='bbox 194 3459 331 3523; x_wconf 75' lang='lat' dir='ltr'><strong>noxios.</strong></span> <span class='ocrx_word' id='word_1_302' title='bbox 346 3455 594 3537; x_wconf 81' lang='lat' dir='ltr'><strong>Chunagundem,</strong></span> <span class='ocrx_word' id='word_1_303' title='bbox 615 3477 741 3519; x_wconf 88' lang='lat' dir='ltr'><strong>uxorem</strong></span> <span class='ocrx_word' id='word_1_304' title='bbox 752 3461 782 3519; x_wconf 87' lang='lat' dir='ltr'><strong>S.</strong></span> <span class='ocrx_word' id='word_1_305' title='bbox 794 3457 918 3519; x_wconf 79' lang='lat' dir='ltr'><strong>Raurici</strong></span> <span class='ocrx_word' id='word_1_306' title='bbox 935 3456 1141 3537; x_wconf 85' lang='lat' dir='ltr'><strong>imperatoris,</strong></span> <span class='ocrx_word' id='word_1_307' title='bbox 1164 3458 1291 3541; x_wconf 78' lang='lat' dir='ltr'><strong>virgini·</strong></span> 
     </span>
     <span class='ocr_line' id='line_1_42' title="bbox 193 3541 1086 3623; baseline 0.007 -21"><span class='ocrx_word' id='word_1_308' title='bbox 193 3550 287 3603; x_wconf 83' lang='lat' dir='ltr'><strong>tutem</strong></span> <span class='ocrx_word' id='word_1_309' title='bbox 298 3543 440 3623; x_wconf 84' lang='lat' dir='ltr'><strong>probasse</strong></span> <span class='ocrx_word' id='word_1_310' title='bbox 452 3553 619 3605; x_wconf 86' lang='lat' dir='ltr'><strong>memorant</strong></span> <span class='ocrx_word' id='word_1_311' title='bbox 631 3544 761 3606; x_wconf 76' lang='lat' dir='ltr'><strong>Annales</strong></span> <span class='ocrx_word' id='word_1_312' title='bbox 773 3544 915 3606; x_wconf 89' lang='lat' dir='ltr'><strong>Boiorum</strong></span> <span class='ocrx_word' id='word_1_313' title='bbox 927 3541 949 3603; x_wconf 86' lang='lat' dir='ltr'><strong>b</strong></span> <span class='ocrx_word' id='word_1_314' title='bbox 960 3546 991 3608; x_wconf 86' lang='lat'><strong>9.</strong></span> <span class='ocrx_word' id='word_1_315' title='bbox 1083 3590 1086 3595; x_wconf 66' lang='grc'><strong><em>»</em></strong></span> 
     </span>
    </p>
   </div>
   <div class='ocr_carea' id='block_1_6' title="bbox 191 3636 1428 4343">
    <p class='ocr_par' dir='ltr' id='par_1_8' title="bbox 196 3636 1428 3818">
     <span class='ocr_line' id='line_1_43' title="bbox 279 3636 1428 3729; baseline -0.002 -23"><span class='ocrx_word' id='word_1_316' title='bbox 279 3665 311 3708; x_wconf 81' lang='lat' dir='ltr'><strong>r.</strong></span> <span class='ocrx_word' id='word_1_317' title='bbox 327 3646 376 3713; x_wconf 78' lang='lat'><strong>14.</strong></span> <span class='ocrx_word' id='word_1_318' title='bbox 416 3645 505 3707; x_wconf 81' lang='lat' dir='ltr'><strong>nuda</strong></span> <span class='ocrx_word' id='word_1_319' title='bbox 518 3667 622 3709; x_wconf 75' lang='grc' dir='ltr'><strong>ιοοοο.</strong></span> <span class='ocrx_word' id='word_1_320' title='bbox 662 3646 908 3729; x_wconf 82' lang='lat' dir='ltr'><strong>Supinasoilioat.</strong></span> <span class='ocrx_word' id='word_1_321' title='bbox 948 3644 1031 3726; x_wconf 84' lang='lat' dir='ltr'><strong>quod</strong></span> <span class='ocrx_word' id='word_1_322' title='bbox 1051 3646 1219 3726; x_wconf 77' lang='lat' dir='ltr'><strong>significans</strong></span> <span class='ocrx_word' id='word_1_323' title='bbox 1232 3645 1291 3705; x_wconf 85' lang='lat' dir='ltr'><strong>Pa-</strong></span> <span class='ocrx_word' id='word_1_324' title='bbox 1422 3636 1428 3655; x_wconf 72' lang='lat'>⁸</span> 
     </span>
     <span class='ocr_line' id='line_1_44' title="bbox 196 3729 871 3818; baseline -0.007 -4"><span class='ocrx_word' id='word_1_325' title='bbox 196 3729 349 3813; x_wconf 72' lang='lat' dir='ltr'><strong>chymera·</strong></span> <span class='ocrx_word' id='word_1_326' title='bbox 360 3733 606 3815; x_wconf 73' lang='lat' dir='ltr'><strong>superimposuit</strong></span> <span class='ocrx_word' id='word_1_327' title='bbox 618 3732 695 3818; x_wconf 59' lang='lat' dir='ltr'><strong>tusi</strong></span> <span class='ocrx_word' id='word_1_328' title='bbox 707 3729 871 3814; x_wconf 64' lang='lat' dir='ltr'><strong>“iimo</strong></span> 
     </span>
    </p>

    <p class='ocr_par' dir='ltr' id='par_1_9' title="bbox 191 3828 1397 4343">
     <span class='ocr_line' id='line_1_45' title="bbox 278 3828 1293 3916; baseline -0.006 -23"><span class='ocrx_word' id='word_1_329' title='bbox 278 3854 309 3895; x_wconf 82' lang='lat' dir='ltr'><strong>v.</strong></span> <span class='ocrx_word' id='word_1_330' title='bbox 325 3833 373 3900; x_wconf 82' lang='grc'><strong>16.</strong></span> <span class='ocrx_word' id='word_1_331' title='bbox 416 3838 665 3896; x_wconf 62' lang='lat' dir='ltr'><strong>mammarium</strong></span> <span class='ocrx_word' id='word_1_332' title='bbox 678 3836 897 3916; x_wconf 73' lang='lat' dir='ltr'><strong>impuberem</strong></span> <span class='ocrx_word' id='word_1_333' title='bbox 918 3832 1057 3896; x_wconf 75' lang='lat' dir='ltr'><strong>adultae.</strong></span> <span class='ocrx_word' id='word_1_334' title='bbox 1097 3828 1293 3907; x_wconf 81' lang='lat' dir='ltr'><strong>Pauliymores</strong></span> 
     </span>
     <span class='ocr_line' id='line_1_46' title="bbox 194 3918 1397 4002; baseline -0.008 -22"><span class='ocrx_word' id='word_1_335' title='bbox 194 3918 248 3980; x_wconf 92' lang='lat' dir='ltr'><strong>ubi</strong></span> <span class='ocrx_word' id='word_1_336' title='bbox 271 3919 555 4002; x_wconf 60' lang='lat' dir='ltr'><strong>Constantinopolim</strong></span> <span class='ocrx_word' id='word_1_337' title='bbox 575 3922 676 4001; x_wconf 83' lang='lat' dir='ltr'><strong>vonit,</strong></span> <span class='ocrx_word' id='word_1_338' title='bbox 705 3922 809 3982; x_wconf 87' lang='lat' dir='ltr'><strong>atatim</strong></span> <span class='ocrx_word' id='word_1_339' title='bbox 827 3922 865 3982; x_wconf 87' lang='lat' dir='ltr'><strong>ab</strong></span> <span class='ocrx_word' id='word_1_340' title='bbox 885 3941 921 3982; x_wconf 78' lang='lat' dir='ltr'><strong>aa</strong></span> <span class='ocrx_word' id='word_1_341' title='bbox 937 3941 955 3981; x_wconf 92' lang='lat' dir='ltr'><strong>a</strong></span> <span class='ocrx_word' id='word_1_342' title='bbox 973 3918 1085 3981; x_wconf 75' lang='lat' dir='ltr'><strong>latinis</strong></span> <span class='ocrx_word' id='word_1_343' title='bbox 1106 3922 1291 3994; x_wconf 87' lang='lat' dir='ltr'><strong>recuperata,</strong></span> <span class='ocrx_word' id='word_1_344' title='bbox 1391 3938 1397 3950; x_wconf 86' lang='lat'><strong>·</strong></span> 
     </span>
     <span class='ocr_line' id='line_1_47' title="bbox 193 3999 1290 4088; baseline -0.01 -22"><span class='ocrx_word' id='word_1_345' title='bbox 193 4004 380 4086; x_wconf 77' lang='lat' dir='ltr'><strong>undeviginti</strong></span> <span class='ocrx_word' id='word_1_346' title='bbox 392 4025 487 4067; x_wconf 80' lang='lat' dir='ltr'><strong>annos</strong></span> <span class='ocrx_word' id='word_1_347' title='bbox 497 4015 671 4083; x_wconf 80' lang='lat' dir='ltr'><strong>eratuetus,</strong></span> <span class='ocrx_word' id='word_1_348' title='bbox 690 4016 728 4067; x_wconf 86' lang='lat' dir='ltr'><strong>at</strong></span> <span class='ocrx_word' id='word_1_349' title='bbox 740 4008 804 4088; x_wconf 88' lang='lat' dir='ltr'><strong>ipso</strong></span> <span class='ocrx_word' id='word_1_350' title='bbox 816 4007 892 4069; x_wconf 86' lang='lat' dir='ltr'><strong>aitl.</strong></span> <span class='ocrx_word' id='word_1_351' title='bbox 906 4012 923 4072; x_wconf 95' lang='lat'>1</span> <span class='ocrx_word' id='word_1_352' title='bbox 936 4027 962 4068; x_wconf 88' lang='lat' dir='ltr'><strong>o.</strong></span> <span class='ocrx_word' id='word_1_353' title='bbox 975 4011 1005 4073; x_wconf 86' lang='lat'><strong>1.</strong></span> <span class='ocrx_word' id='word_1_354' title='bbox 1025 4001 1149 4080; x_wconf 79' lang='lat' dir='ltr'><strong>contigit</strong></span> <span class='ocrx_word' id='word_1_355' title='bbox 1160 3999 1194 4058; x_wconf 80' lang='lat' dir='ltr'><strong>id</strong></span> <span class='ocrx_word' id='word_1_356' title='bbox 1209 4017 1290 4058; x_wconf 83' lang='lat' dir='ltr'><strong>suno</strong></span> 
     </span>
     <span class='ocr_line' id='line_1_48' title="bbox 196 4082 1289 4171; baseline -0.013 -16"><span class='ocrx_word' id='word_1_357' title='bbox 196 4094 289 4168; x_wconf 76' lang='lat'><strong>1261,</strong></span> <span class='ocrx_word' id='word_1_358' title='bbox 304 4091 372 4153; x_wconf 85' lang='lat' dir='ltr'><strong>utl</strong></span> <span class='ocrx_word' id='word_1_359' title='bbox 387 4094 408 4157; x_wconf 79' lang='lat'><strong>3</strong></span> <span class='ocrx_word' id='word_1_360' title='bbox 424 4092 565 4153; x_wconf 83' lang='lat' dir='ltr'><strong>dicemus.</strong></span> <span class='ocrx_word' id='word_1_361' title='bbox 605 4100 735 4171; x_wconf 86' lang='lat' dir='ltr'><strong>quatuor</strong></span> <span class='ocrx_word' id='word_1_362' title='bbox 755 4094 954 4171; x_wconf 83' lang='lat' dir='ltr'><strong>autquinque</strong></span> <span class='ocrx_word' id='word_1_363' title='bbox 970 4099 1041 4149; x_wconf 87' lang='lat' dir='ltr'><strong>ants</strong></span> <span class='ocrx_word' id='word_1_364' title='bbox 1060 4086 1120 4146; x_wconf 84' lang='lat' dir='ltr'><strong>boo</strong></span> <span class='ocrx_word' id='word_1_365' title='bbox 1131 4082 1216 4143; x_wconf 84' lang='lat' dir='ltr'><strong>aunis</strong></span> <span class='ocrx_word' id='word_1_366' title='bbox 1227 4082 1289 4142; x_wconf 87' lang='lat' dir='ltr'><strong>im-</strong></span> 
     </span>
     <span class='ocr_line' id='line_1_49' title="bbox 194 4168 1289 4259; baseline -0.012 -21"><span class='ocrx_word' id='word_1_367' title='bbox 194 4186 319 4256; x_wconf 87' lang='lat' dir='ltr'><strong>perante</strong></span> <span class='ocrx_word' id='word_1_368' title='bbox 340 4175 498 4239; x_wconf 87' lang='lat' dir='ltr'><strong>Theodoro</strong></span> <span class='ocrx_word' id='word_1_369' title='bbox 523 4176 580 4238; x_wconf 87' lang='lat' dir='ltr'><strong>bae</strong></span> <span class='ocrx_word' id='word_1_370' title='bbox 599 4177 788 4258; x_wconf 88' lang='lat' dir='ltr'><strong>probationes</strong></span> <span class='ocrx_word' id='word_1_371' title='bbox 803 4197 858 4259; x_wconf 86' lang='lat' dir='ltr'><strong>per</strong></span> <span class='ocrx_word' id='word_1_372' title='bbox 883 4178 998 4236; x_wconf 84' lang='lat' dir='ltr'><strong>terrum</strong></span> <span class='ocrx_word' id='word_1_373' title='bbox 1018 4168 1149 4233; x_wconf 78' lang='lat' dir='ltr'><strong>nandans</strong></span> <span class='ocrx_word' id='word_1_374' title='bbox 1167 4168 1289 4227; x_wconf 82' lang='lat' dir='ltr'><strong>Nicaeae</strong></span> 
     </span>
     <span class='ocr_line' id='line_1_50' title="bbox 191 4252 1289 4343; baseline -0.011 -17"><span class='ocrx_word' id='word_1_375' title='bbox 191 4262 475 4343; x_wconf 59' lang='lat' dir='ltr'><strong>stmuanmbautur,</strong></span> <span class='ocrx_word' id='word_1_376' title='bbox 495 4263 548 4325; x_wconf 85' lang='lat' dir='ltr'><strong>nbi</strong></span> <span class='ocrx_word' id='word_1_377' title='bbox 569 4281 619 4325; x_wconf 86' lang='lat' dir='ltr'><strong>aas</strong></span> <span class='ocrx_word' id='word_1_378' title='bbox 633 4262 684 4324; x_wconf 84' lang='lat' dir='ltr'><strong>illo</strong></span> <span class='ocrx_word' id='word_1_379' title='bbox 699 4263 740 4331; x_wconf 83' lang='lat'><strong>14</strong></span> <span class='ocrx_word' id='word_1_380' title='bbox 756 4272 811 4325; x_wconf 84' lang='lat' dir='ltr'><strong>aut</strong></span> <span class='ocrx_word' id='word_1_381' title='bbox 831 4260 871 4327; x_wconf 77' lang='lat'><strong>16</strong></span> <span class='ocrx_word' id='word_1_382' title='bbox 886 4262 946 4322; x_wconf 85' lang='lat' dir='ltr'><strong>iam</strong></span> <span class='ocrx_word' id='word_1_383' title='bbox 958 4275 1107 4320; x_wconf 79' lang='lat' dir='ltr'><strong>mnorum</strong></span> <span class='ocrx_word' id='word_1_384' title='bbox 1119 4252 1289 4316; x_wconf 71' lang='lat' dir='ltr'><strong>adalam</strong></span> 
     </span>
    </p>
   </div>
   <div class='ocr_carea' id='block_1_7' title="bbox 193 4348 445 4433">
    <p class='ocr_par' dir='ltr' id='par_1_10' title="bbox 193 4348 445 4433">
     <span class='ocr_line' id='line_1_51' title="bbox 193 4348 445 4433; baseline 0.008 -22"><span class='ocrx_word' id='word_1_385' title='bbox 193 4348 445 4433; x_wconf 72' lang='lat' dir='ltr'><strong>spoewapotuit.</strong></span> 
     </span>
    </p>
   </div>
   <div class='ocr_carea' id='block_1_8' title="bbox 0 0 1522 4840">
    <p class='ocr_par' dir='ltr' id='par_1_11' title="bbox 0 0 1522 4840">
     <span class='ocr_line' id='line_1_52' title="bbox 0 0 1522 4840; baseline 0 0"><span class='ocrx_word' id='word_1_386' title='bbox 0 0 1522 4840; x_wconf 95' lang='lat' dir='ltr'><strong> </strong></span> 
     </span>
    </p>
   </div>
  </div>
 </body>
</html>
