<?xml version="1.0" encoding="UTF-8"?>
<!DOCTYPE html PUBLIC "-//W3C//DTD XHTML 1.0 Transitional//EN"
    "http://www.w3.org/TR/xhtml1/DTD/xhtml1-transitional.dtd">
<html xmlns="http://www.w3.org/1999/xhtml" xml:lang="en" lang="en">
 <head>
  <title>
</title>
<meta http-equiv="Content-Type" content="text/html;charset=utf-8" />
  <meta name='ocr-system' content='tesseract 3.04.00' />
  <meta name='ocr-capabilities' content='ocr_page ocr_carea ocr_par ocr_line ocrx_word'/>
</head>
<body>
  <div class='ocr_page' id='page_1' title='image "./corpusscriptoru05berlgoog_0413.png"; bbox 0 0 3046 4838; ppageno 0'>
   <div class='ocr_carea' id='block_1_1' title="bbox 244 287 1023 366">
    <p class='ocr_par' dir='ltr' id='par_1_1' title="bbox 244 287 1023 366">
     <span class='ocr_line' id='line_1_1' title="bbox 244 287 1023 366; baseline -0.014 -1"><span class='ocrx_word' id='word_1_1' title='bbox 244 292 320 366; x_wconf 77' lang='lat'>416</span> <span class='ocrx_word' id='word_1_2' title='bbox 557 289 732 359; x_wconf 87' lang='lat' dir='ltr'><strong>GEORGII</strong></span> <span class='ocrx_word' id='word_1_3' title='bbox 757 287 1023 357; x_wconf 81' lang='lat' dir='ltr'>PAGHYMERIS</span> 
     </span>
    </p>
   </div>
   <div class='ocr_carea' id='block_1_2' title="bbox 141 456 1382 1679">
    <p class='ocr_par' dir='ltr' id='par_1_2' title="bbox 141 456 1365 1376">
     <span class='ocr_line' id='line_1_2' title="bbox 242 456 1341 550; baseline -0.007 -19"><span class='ocrx_word' id='word_1_4' title='bbox 242 462 333 550; x_wconf 75' lang='grc' dir='ltr'><strong><em>βάσει</em></strong></span> <span class='ocrx_word' id='word_1_5' title='bbox 349 469 412 530; x_wconf 90' lang='grc' dir='ltr'>τῶν</span> <span class='ocrx_word' id='word_1_6' title='bbox 430 458 576 548; x_wconf 85' lang='grc' dir='ltr'><strong><em>μειζόνων</em></strong></span> <span class='ocrx_word' id='word_1_7' title='bbox 591 460 647 528; x_wconf 83' lang='grc' dir='ltr'>τόν</span> <span class='ocrx_word' id='word_1_8' title='bbox 662 457 841 547; x_wconf 88' lang='grc' dir='ltr'><strong><em>γράφοντα,</em></strong></span> <span class='ocrx_word' id='word_1_9' title='bbox 868 458 970 544; x_wconf 78' lang='grc' dir='ltr'><strong><em>έμενεν</em></strong></span> <span class='ocrx_word' id='word_1_10' title='bbox 990 456 1123 543; x_wconf 79' lang='grc' dir='ltr'><strong><em>ἠρεμῶν.</em></strong></span> <span class='ocrx_word' id='word_1_11' title='bbox 1176 459 1230 523; x_wconf 89' lang='grc' dir='ltr'><strong><em>καί</em></strong></span> <span class='ocrx_word' id='word_1_12' title='bbox 1244 483 1279 543; x_wconf 87' lang='grc' dir='ltr'>γε</span> <span class='ocrx_word' id='word_1_13' title='bbox 1293 464 1341 549; x_wconf 76' lang='grc' dir='ltr'><strong><em>τῷ</em></strong></span> 
     </span>
     <span class='ocr_line' id='line_1_3' title="bbox 245 559 1339 656; baseline -0.007 -23"><span class='ocrx_word' id='word_1_14' title='bbox 245 568 413 656; x_wconf 83' lang='grc' dir='ltr'><strong><em>Ξιφιλίνῳ,</em></strong></span> <span class='ocrx_word' id='word_1_15' title='bbox 441 566 530 652; x_wconf 80' lang='grc' dir='ltr'><strong><em>άνδρλ</em></strong></span> <span class='ocrx_word' id='word_1_16' title='bbox 551 571 670 653; x_wconf 76' lang='grc' dir='ltr'><strong><em>γεραρηλ</em></strong></span> <span class='ocrx_word' id='word_1_17' title='bbox 693 567 744 630; x_wconf 77' lang='grc' dir='ltr'><strong><em>καὶ</em></strong></span> <span class='ocrx_word' id='word_1_18' title='bbox 770 559 893 652; x_wconf 80' lang='grc' dir='ltr'><strong><em>μεγάλην</em></strong></span> <span class='ocrx_word' id='word_1_19' title='bbox 915 560 1068 650; x_wconf 84' lang='grc' dir='ltr'><strong><em>οίκονόμιμ</em></strong></span> <span class='ocrx_word' id='word_1_20' title='bbox 1096 565 1154 645; x_wconf 82' lang='grc' dir='ltr'>τῆς</span> <span class='ocrx_word' id='word_1_21' title='bbox 1179 562 1339 646; x_wconf 78' lang='grc' dir='ltr'><strong><em>έκκλησίας</em></strong></span> 
     </span>
     <span class='ocr_line' id='line_1_4' title="bbox 141 662 1340 753; baseline -0.01 -12"><span class='ocrx_word' id='word_1_22' title='bbox 141 674 164 729; x_wconf 79' lang='grc' dir='ltr'><strong>Ρ</strong></span> <span class='ocrx_word' id='word_1_23' title='bbox 179 682 231 740; x_wconf 77' lang='lat'>282</span> <span class='ocrx_word' id='word_1_24' title='bbox 248 671 329 750; x_wconf 86' lang='grc' dir='ltr'><strong><em>όντι,</em></strong></span> <span class='ocrx_word' id='word_1_25' title='bbox 357 675 593 752; x_wconf 77' lang='grc' dir='ltr'><strong><em>καθαπεσχνεΐτο</em></strong></span> <span class='ocrx_word' id='word_1_26' title='bbox 614 667 658 751; x_wconf 67' lang='grc' dir='ltr'><strong><em>μὴ</em></strong></span> <span class='ocrx_word' id='word_1_27' title='bbox 677 665 715 733; x_wconf 84' lang='grc' dir='ltr'><strong><em>άν</em></strong></span> <span class='ocrx_word' id='word_1_28' title='bbox 736 669 786 733; x_wconf 78' lang='grc' dir='ltr'><strong><em>καί</em></strong></span> <span class='ocrx_word' id='word_1_29' title='bbox 802 662 925 753; x_wconf 75' lang='grc' dir='ltr'><strong><em>γράφοι</em></strong></span> <span class='ocrx_word' id='word_1_30' title='bbox 945 665 1019 731; x_wconf 76' lang='lat' dir='ltr'>nord</span> <span class='ocrx_word' id='word_1_31' title='bbox 1032 664 1077 741; x_wconf 77' lang='grc' dir='ltr'><strong><em>εἷς</em></strong></span> <span class='ocrx_word' id='word_1_32' title='bbox 1091 663 1269 748; x_wconf 72' lang='grc' dir='ltr'><strong><em>ἀντίρρησιν</em></strong></span> <span class='ocrx_word' id='word_1_33' title='bbox 1281 666 1340 747; x_wconf 77' lang='grc' dir='ltr'>δῆ-</span> 
     </span>
     <span class='ocr_line' id='line_1_5' title="bbox 244 763 1342 858; baseline -0.007 -17"><span class='ocrx_word' id='word_1_34' title='bbox 244 781 319 852; x_wconf 76' lang='grc' dir='ltr'><strong><em>θεν,</em></strong></span> <span class='ocrx_word' id='word_1_35' title='bbox 343 771 410 856; x_wconf 64' lang='lat' dir='ltr'>“ped</span> <span class='ocrx_word' id='word_1_36' title='bbox 424 769 581 853; x_wconf 80' lang='grc' dir='ltr'><strong><em>δόξωμεν”</em></strong></span> <span class='ocrx_word' id='word_1_37' title='bbox 597 773 673 858; x_wconf 75' lang='grc' dir='ltr'><strong><em>φησί</em></strong></span> <span class='ocrx_word' id='word_1_38' title='bbox 697 777 786 847; x_wconf 62' lang='lat' dir='ltr'>“soie</span> <span class='ocrx_word' id='word_1_39' title='bbox 807 770 952 852; x_wconf 71' lang='grc' dir='ltr'><strong><em>κειμένοις</em></strong></span> <span class='ocrx_word' id='word_1_40' title='bbox 967 773 1233 853; x_wconf 82' lang='grc' dir='ltr'><strong><em>ααρεγχειροῦντες</em></strong></span> <span class='ocrx_word' id='word_1_41' title='bbox 1253 763 1342 833; x_wconf 76' lang='grc' dir='ltr'><strong><em>τάνδ’</em></strong></span> 
     </span>
     <span class='ocr_line' id='line_1_6' title="bbox 244 870 1365 962; baseline -0.008 -20"><span class='ocrx_word' id='word_1_42' title='bbox 244 903 273 943; x_wconf 90' lang='grc' dir='ltr'>τι</span> <span class='ocrx_word' id='word_1_43' title='bbox 291 874 435 962; x_wconf 86' lang='grc' dir='ltr'><strong><em>λέγοιμεν.</em></strong></span> <span class='ocrx_word' id='word_1_44' title='bbox 488 876 610 950; x_wconf 84' lang='grc' dir='ltr'><strong><em>έκείνοις</em></strong></span> <span class='ocrx_word' id='word_1_45' title='bbox 631 875 688 957; x_wconf 88' lang='grc' dir='ltr'>μέν</span> <span class='ocrx_word' id='word_1_46' title='bbox 710 876 835 940; x_wconf 81' lang='grc' dir='ltr'><strong><em>δοκοῦσι</em></strong></span> <span class='ocrx_word' id='word_1_47' title='bbox 854 877 1045 960; x_wconf 80' lang='grc' dir='ltr'><strong><em>νεωτερισμῷ</em></strong></span> <span class='ocrx_word' id='word_1_48' title='bbox 1057 872 1123 936; x_wconf 75' lang='grc' dir='ltr'><strong><em>’τινί</em></strong></span> <span class='ocrx_word' id='word_1_49' title='bbox 1146 870 1196 935; x_wconf 77' lang='grc' dir='ltr'><strong><em>ἐντί</em></strong></span> <span class='ocrx_word' id='word_1_50' title='bbox 1212 880 1277 946; x_wconf 78' lang='grc' dir='ltr'><strong><em>τοῖς</em></strong></span> <span class='ocrx_word' id='word_1_51' title='bbox 1290 873 1365 944; x_wconf 75' lang='lat' dir='ltr'>des-5</span> 
     </span>
     <span class='ocr_line' id='line_1_7' title="bbox 245 971 1340 1064; baseline -0.008 -18"><span class='ocrx_word' id='word_1_52' title='bbox 245 986 470 1064; x_wconf 82' lang='grc' dir='ltr'><strong><em>κλησιαστικοῒς</em></strong></span> <span class='ocrx_word' id='word_1_53' title='bbox 492 973 586 1060; x_wconf 79' lang='grc' dir='ltr'><strong><em>ὁμόσε</em></strong></span> <span class='ocrx_word' id='word_1_54' title='bbox 604 986 715 1064; x_wconf 76' lang='grc' dir='ltr'><strong><em>χωρεῖν</em></strong></span> <span class='ocrx_word' id='word_1_55' title='bbox 737 978 787 1041; x_wconf 85' lang='grc' dir='ltr'><strong><em>καί</em></strong></span> <span class='ocrx_word' id='word_1_56' title='bbox 815 975 929 1058; x_wconf 86' lang='grc' dir='ltr'><strong><em>άνέχειν</em></strong></span> <span class='ocrx_word' id='word_1_57' title='bbox 952 980 1120 1059; x_wconf 73' lang='grc' dir='ltr'><strong><em>πειράσθω</em></strong></span> <span class='ocrx_word' id='word_1_58' title='bbox 1126 1021 1137 1053; x_wconf 92' lang='grc'><strong><em>,</em></strong></span> <span class='ocrx_word' id='word_1_59' title='bbox 1174 971 1233 1038; x_wconf 80' lang='grc' dir='ltr'><strong><em>κάν</em></strong></span> <span class='ocrx_word' id='word_1_60' title='bbox 1261 971 1340 1039; x_wconf 81' lang='grc' dir='ltr'><strong><em>εἴτε</em></strong></span> 
     </span>
     <span class='ocr_line' id='line_1_8' title="bbox 246 1072 1340 1171; baseline -0.007 -23"><span class='ocrx_word' id='word_1_61' title='bbox 246 1092 351 1171; x_wconf 86' lang='grc' dir='ltr'><strong><em>φαΐεν,</em></strong></span> <span class='ocrx_word' id='word_1_62' title='bbox 380 1080 437 1146; x_wconf 82' lang='grc' dir='ltr'><strong><em>κάν</em></strong></span> <span class='ocrx_word' id='word_1_63' title='bbox 459 1087 602 1166; x_wconf 81' lang='grc' dir='ltr'><strong><em>φανερῶς</em></strong></span> <span class='ocrx_word' id='word_1_64' title='bbox 624 1083 674 1145; x_wconf 77' lang='grc' dir='ltr'><strong><em>καὶ</em></strong></span> <span class='ocrx_word' id='word_1_65' title='bbox 696 1090 761 1155; x_wconf 80' lang='grc' dir='ltr'><strong><em>τοῖς</em></strong></span> <span class='ocrx_word' id='word_1_66' title='bbox 781 1078 927 1162; x_wconf 72' lang='grc' dir='ltr'><strong><em>κειμένοις</em></strong></span> <span class='ocrx_word' id='word_1_67' title='bbox 941 1072 1161 1164; x_wconf 83' lang='grc' dir='ltr'><strong><em>νιροσκροόοιεν</em></strong></span> <span class='ocrx_word' id='word_1_68' title='bbox 1178 1074 1340 1161; x_wconf 81' lang='grc' dir='ltr'><strong><em>δόγμασιν,</em></strong></span> 
     </span>
     <span class='ocr_line' id='line_1_9' title="bbox 246 1180 1342 1270; baseline -0.006 -19"><span class='ocrx_word' id='word_1_69' title='bbox 246 1183 403 1270; x_wconf 76' lang='grc' dir='ltr'>αὐτάρκης</span> <span class='ocrx_word' id='word_1_70' title='bbox 420 1183 565 1270; x_wconf 77' lang='grc' dir='ltr'><strong><em>άνιοφαγῆ</em></strong></span> <span class='ocrx_word' id='word_1_71' title='bbox 581 1182 614 1249; x_wconf 82' lang='grc' dir='ltr'><strong><em>τό</em></strong></span> <span class='ocrx_word' id='word_1_72' title='bbox 630 1180 708 1268; x_wconf 68' lang='lat' dir='ltr'>sinin</span> <span class='ocrx_word' id='word_1_73' title='bbox 722 1189 778 1266; x_wconf 77' lang='grc' dir='ltr'>τῆς</span> <span class='ocrx_word' id='word_1_74' title='bbox 798 1183 958 1265; x_wconf 66' lang='grc' dir='ltr'><strong><em>ἐκκλησίας</em></strong></span> <span class='ocrx_word' id='word_1_75' title='bbox 982 1184 1079 1265; x_wconf 75' lang='grc' dir='ltr'><strong><em>δῆθεν</em></strong></span> <span class='ocrx_word' id='word_1_76' title='bbox 1093 1180 1266 1260; x_wconf 65' lang='grc' dir='ltr'><strong><em>ἵστασθαι,</em></strong></span> <span class='ocrx_word' id='word_1_77' title='bbox 1292 1182 1342 1245; x_wconf 79' lang='grc' dir='ltr'><strong><em>καί</em></strong></span> 
     </span>
     <span class='ocr_line' id='line_1_10' title="bbox 246 1279 1341 1376; baseline -0.006 -22"><span class='ocrx_word' id='word_1_78' title='bbox 246 1289 302 1373; x_wconf 70' lang='grc' dir='ltr'>τὴν</span> <span class='ocrx_word' id='word_1_79' title='bbox 317 1296 373 1372; x_wconf 83' lang='grc' dir='ltr'>τῆς</span> <span class='ocrx_word' id='word_1_80' title='bbox 387 1289 570 1373; x_wconf 68' lang='grc' dir='ltr'><strong><em>ἐργολαβίας</em></strong></span> <span class='ocrx_word' id='word_1_81' title='bbox 584 1295 692 1371; x_wconf 80' lang='grc' dir='ltr'><strong><em>πεῖραν</em></strong></span> <span class='ocrx_word' id='word_1_82' title='bbox 705 1286 782 1376; x_wconf 80' lang='grc' dir='ltr'><strong><em>ῥᾷον</em></strong></span> <span class='ocrx_word' id='word_1_83' title='bbox 797 1288 956 1351; x_wconf 86' lang='grc' dir='ltr'><strong><em>έκκλίνοιεν</em></strong></span> <span class='ocrx_word' id='word_1_84' title='bbox 970 1282 1019 1351; x_wconf 84' lang='grc' dir='ltr'><strong><em>άν.</em></strong></span> <span class='ocrx_word' id='word_1_85' title='bbox 1063 1279 1138 1367; x_wconf 73' lang='grc' dir='ltr'><strong><em>ἡμῖν</em></strong></span> <span class='ocrx_word' id='word_1_86' title='bbox 1153 1283 1205 1363; x_wconf 90' lang='grc' dir='ltr'>δέ,</span> <span class='ocrx_word' id='word_1_87' title='bbox 1231 1281 1291 1347; x_wconf 88' lang='grc' dir='ltr'><strong><em>κάν</em></strong></span> <span class='ocrx_word' id='word_1_88' title='bbox 1303 1281 1341 1347; x_wconf 82' lang='grc' dir='ltr'><strong><em>τά</em></strong></span> 
     </span>
    </p>

    <p class='ocr_par' dir='ltr' id='par_1_3' title="bbox 204 1383 1382 1679">
     <span class='ocr_line' id='line_1_11' title="bbox 204 1383 1382 1480; baseline -0.008 -21"><span class='ocrx_word' id='word_1_89' title='bbox 204 1406 225 1459; x_wconf 87' lang='grc' dir='ltr'><strong>Β</strong></span> <span class='ocrx_word' id='word_1_90' title='bbox 250 1388 412 1480; x_wconf 80' lang='grc' dir='ltr'><strong><em>φανότατα</em></strong></span> <span class='ocrx_word' id='word_1_91' title='bbox 427 1390 577 1475; x_wconf 88' lang='grc' dir='ltr'><strong><em>λέγοιμεν,</em></strong></span> <span class='ocrx_word' id='word_1_92' title='bbox 605 1389 764 1475; x_wconf 81' lang='grc' dir='ltr'><strong><em>άγανιητδν</em></strong></span> <span class='ocrx_word' id='word_1_93' title='bbox 779 1392 805 1454; x_wconf 85' lang='grc' dir='ltr'>εί</span> <span class='ocrx_word' id='word_1_94' title='bbox 819 1389 863 1473; x_wconf 68' lang='grc' dir='ltr'><strong><em>με)</em></strong></span> <span class='ocrx_word' id='word_1_95' title='bbox 878 1389 1107 1472; x_wconf 80' lang='grc' dir='ltr'><strong><em>προσεχοίμεθα</em></strong></span> <span class='ocrx_word' id='word_1_96' title='bbox 1120 1383 1214 1469; x_wconf 90' lang='grc' dir='ltr'><strong><em>μόνον</em></strong></span> <span class='ocrx_word' id='word_1_97' title='bbox 1220 1433 1231 1465; x_wconf 91' lang='grc'><strong><em>,</em></strong></span> <span class='ocrx_word' id='word_1_98' title='bbox 1257 1384 1382 1457; x_wconf 63' lang='lat' dir='ltr'>aaran</span> 
     </span>
     <span class='ocr_line' id='line_1_12' title="bbox 245 1486 1339 1581; baseline -0.005 -22"><span class='ocrx_word' id='word_1_99' title='bbox 245 1495 290 1581; x_wconf 74' lang='grc' dir='ltr'><strong><em>μὴ</em></strong></span> <span class='ocrx_word' id='word_1_100' title='bbox 317 1497 368 1559; x_wconf 83' lang='grc' dir='ltr'><strong><em>καί</em></strong></span> <span class='ocrx_word' id='word_1_101' title='bbox 383 1486 460 1579; x_wconf 73' lang='grc' dir='ltr'>Ιπερί</span> <span class='ocrx_word' id='word_1_102' title='bbox 486 1499 602 1579; x_wconf 80' lang='grc' dir='ltr'><strong><em>τροπῆς</em></strong></span> <span class='ocrx_word' id='word_1_103' title='bbox 624 1499 688 1558; x_wconf 90' lang='grc' dir='ltr'>τῶν</span> <span class='ocrx_word' id='word_1_104' title='bbox 713 1491 854 1575; x_wconf 87' lang='grc' dir='ltr'><strong><em>κειμένων</em></strong></span> <span class='ocrx_word' id='word_1_105' title='bbox 876 1488 1075 1579; x_wconf 83' lang='grc' dir='ltr'><strong><em>φεόγοιμεν.”</em></strong></span> <span class='ocrx_word' id='word_1_106' title='bbox 1123 1486 1215 1553; x_wconf 78' lang='grc' dir='ltr'><strong><em>ταῦτ’</em></strong></span> <span class='ocrx_word' id='word_1_107' title='bbox 1237 1486 1339 1571; x_wconf 74' lang='grc' dir='ltr'><strong><em>ἔλεγεν</em></strong></span> 
     </span>
     <span class='ocr_line' id='line_1_13' title="bbox 247 1587 1336 1679; baseline -0.009 -16"><span class='ocrx_word' id='word_1_108' title='bbox 247 1601 360 1674; x_wconf 84' lang='grc' dir='ltr'><strong><em>έκεῖνος</em></strong></span> <span class='ocrx_word' id='word_1_109' title='bbox 373 1593 460 1677; x_wconf 88' lang='grc' dir='ltr'><strong><em>τότε,</em></strong></span> <span class='ocrx_word' id='word_1_110' title='bbox 484 1596 540 1672; x_wconf 84' lang='grc' dir='ltr'>τάς</span> <span class='ocrx_word' id='word_1_111' title='bbox 553 1602 615 1662; x_wconf 87' lang='grc' dir='ltr'>τῶν</span> <span class='ocrx_word' id='word_1_112' title='bbox 630 1596 813 1679; x_wconf 81' lang='grc' dir='ltr'><strong><em>σχιζομένων</em></strong></span> <span class='ocrx_word' id='word_1_113' title='bbox 826 1591 995 1677; x_wconf 79' lang='grc' dir='ltr'><strong><em>λαμβάνων</em></strong></span> <span class='ocrx_word' id='word_1_114' title='bbox 1011 1591 1071 1658; x_wconf 82' lang='grc' dir='ltr'><strong><em>άνολ</em></strong></span> <span class='ocrx_word' id='word_1_115' title='bbox 1084 1602 1181 1676; x_wconf 81' lang='grc' dir='ltr'><strong><em>χεῖρας</em></strong></span> <span class='ocrx_word' id='word_1_116' title='bbox 1199 1587 1336 1676; x_wconf 89' lang='grc' dir='ltr'><strong><em>γραφάς,</em></strong></span> 
     </span>
    </p>
   </div>
   <div class='ocr_carea' id='block_1_3' title="bbox 209 1690 1378 2202">
    <p class='ocr_par' dir='ltr' id='par_1_4' title="bbox 209 1690 1378 2202">
     <span class='ocr_line' id='line_1_14' title="bbox 248 1690 1336 1785; baseline -0.009 -18"><span class='ocrx_word' id='word_1_117' title='bbox 248 1697 298 1776; x_wconf 80' lang='grc' dir='ltr'><strong><em>οἷς</em></strong></span> <span class='ocrx_word' id='word_1_118' title='bbox 326 1699 405 1766; x_wconf 85' lang='grc' dir='ltr'><strong><em>νιολδ</em></strong></span> <span class='ocrx_word' id='word_1_119' title='bbox 425 1698 461 1766; x_wconf 79' lang='lat' dir='ltr'>sd</span> <span class='ocrx_word' id='word_1_120' title='bbox 484 1698 607 1785; x_wconf 77' lang='grc' dir='ltr'><strong><em>σαθρόν</em></strong></span> <span class='ocrx_word' id='word_1_121' title='bbox 625 1695 765 1782; x_wconf 72' lang='grc' dir='ltr'><strong><em>ἐχούσαις</em></strong></span> <span class='ocrx_word' id='word_1_122' title='bbox 787 1701 836 1764; x_wconf 68' lang='lat' dir='ltr'>dni</span> <span class='ocrx_word' id='word_1_123' title='bbox 857 1697 934 1763; x_wconf 82' lang='grc' dir='ltr'><strong><em>πολδ</em></strong></span> <span class='ocrx_word' id='word_1_124' title='bbox 951 1693 997 1773; x_wconf 77' lang='grc' dir='ltr'><strong><em>οἷς</em></strong></span> <span class='ocrx_word' id='word_1_125' title='bbox 1011 1695 1113 1780; x_wconf 71' lang='grc' dir='ltr'><strong><em>ἔλεγον</em></strong></span> <span class='ocrx_word' id='word_1_126' title='bbox 1126 1690 1262 1775; x_wconf 65' lang='lat' dir='ltr'>{uniisse</span> <span class='ocrx_word' id='word_1_127' title='bbox 1277 1694 1336 1774; x_wconf 88' lang='grc' dir='ltr'>μέν</span> 
     </span>
     <span class='ocr_line' id='line_1_15' title="bbox 247 1794 1335 1890; baseline -0.008 -20"><span class='ocrx_word' id='word_1_128' title='bbox 247 1803 427 1890; x_wconf 89' lang='grc' dir='ltr'><strong><em>άντιλέγειν,</em></strong></span> <span class='ocrx_word' id='word_1_129' title='bbox 462 1803 592 1886; x_wconf 73' lang='grc' dir='ltr'><strong><em>ἐπείχετο</em></strong></span> <span class='ocrx_word' id='word_1_130' title='bbox 611 1801 662 1882; x_wconf 88' lang='grc' dir='ltr'>δέ,</span> <span class='ocrx_word' id='word_1_131' title='bbox 689 1800 747 1868; x_wconf 83' lang='grc' dir='ltr'><strong><em>κάν</em></strong></span> <span class='ocrx_word' id='word_1_132' title='bbox 767 1804 853 1878; x_wconf 89' lang='grc' dir='ltr'><strong><em>τέλος</em></strong></span> <span class='ocrx_word' id='word_1_133' title='bbox 872 1801 927 1886; x_wconf 71' lang='grc' dir='ltr'>τὴν</span> <span class='ocrx_word' id='word_1_134' title='bbox 942 1810 1049 1886; x_wconf 79' lang='grc' dir='ltr'><strong><em>νιεΐραν</em></strong></span> <span class='ocrx_word' id='word_1_135' title='bbox 1062 1798 1099 1864; x_wconf 79' lang='grc' dir='ltr'>οὗ</span> <span class='ocrx_word' id='word_1_136' title='bbox 1114 1796 1236 1882; x_wconf 79' lang='grc' dir='ltr'><strong><em>διέδρα,</em></strong></span> <span class='ocrx_word' id='word_1_137' title='bbox 1261 1794 1335 1861; x_wconf 71' lang='grc' dir='ltr'><strong><em>ὅθεν</em></strong></span> 
     </span>
     <span class='ocr_line' id='line_1_16' title="bbox 249 1897 1378 1992; baseline -0.003 -19"><span class='ocrx_word' id='word_1_138' title='bbox 249 1906 288 1990; x_wconf 79' lang='grc' dir='ltr'>δν)</span> <span class='ocrx_word' id='word_1_139' title='bbox 304 1909 355 1972; x_wconf 74' lang='grc' dir='ltr'><strong><em>καὶ</em></strong></span> <span class='ocrx_word' id='word_1_140' title='bbox 367 1912 492 1983; x_wconf 78' lang='grc' dir='ltr'><strong><em>πολλοῖς</em></strong></span> <span class='ocrx_word' id='word_1_141' title='bbox 507 1900 722 1992; x_wconf 84' lang='grc' dir='ltr'><strong><em>νιεριπειιτῶκει</em></strong></span> <span class='ocrx_word' id='word_1_142' title='bbox 738 1914 804 1981; x_wconf 87' lang='grc' dir='ltr'><strong><em>τοΐς</em></strong></span> <span class='ocrx_word' id='word_1_143' title='bbox 816 1911 970 1988; x_wconf 79' lang='grc' dir='ltr'><strong><em>χαλεποῖς.</em></strong></span> <span class='ocrx_word' id='word_1_144' title='bbox 998 1899 1067 1968; x_wconf 89' lang='grc' dir='ltr'><strong><em>τότε</em></strong></span> <span class='ocrx_word' id='word_1_145' title='bbox 1084 1904 1103 1966; x_wconf 89' lang='grc' dir='ltr'><strong><em>δ</em></strong></span> <span class='ocrx_word' id='word_1_146' title='bbox 1108 1899 1118 1927; x_wconf 76' lang='lat'><strong>³</strong></span> <span class='ocrx_word' id='word_1_147' title='bbox 1135 1899 1191 1986; x_wconf 74' lang='grc' dir='ltr'>ἐφ’</span> <span class='ocrx_word' id='word_1_148' title='bbox 1213 1897 1336 1985; x_wconf 71' lang='grc' dir='ltr'><strong><em>ἡμέραις</em></strong></span> <span class='ocrx_word' id='word_1_149' title='bbox 1346 1916 1378 1970; x_wconf 80' lang='grc'>15</span> 
     </span>
     <span class='ocr_line' id='line_1_17' title="bbox 247 2003 1342 2100; baseline -0.005 -26"><span class='ocrx_word' id='word_1_150' title='bbox 247 2016 286 2097; x_wconf 81' lang='grc' dir='ltr'><strong><em>τῇ</em></strong></span> <span class='ocrx_word' id='word_1_151' title='bbox 300 2007 421 2100; x_wconf 79' lang='grc' dir='ltr'><strong><em>Λαόρη</em></strong></span> <span class='ocrx_word' id='word_1_152' title='bbox 435 2005 709 2096; x_wconf 77' lang='grc' dir='ltr'><strong><em>νιροσκαρτερήσας</em></strong></span> <span class='ocrx_word' id='word_1_153' title='bbox 721 2012 771 2073; x_wconf 83' lang='grc' dir='ltr'><strong><em>καί</em></strong></span> <span class='ocrx_word' id='word_1_154' title='bbox 787 2014 936 2089; x_wconf 73' lang='grc' dir='ltr'><strong><em>καθαρῶς</em></strong></span> <span class='ocrx_word' id='word_1_155' title='bbox 949 2003 1077 2091; x_wconf 82' lang='grc' dir='ltr'><strong><em>όγιάνας</em></strong></span> <span class='ocrx_word' id='word_1_156' title='bbox 1089 2004 1132 2079; x_wconf 75' lang='grc' dir='ltr'><strong><em>εἷς</em></strong></span> <span class='ocrx_word' id='word_1_157' title='bbox 1141 2007 1342 2069; x_wconf 86' lang='grc' dir='ltr'><strong><em>Κωνσταντι-</em></strong></span> 
     </span>
     <span class='ocr_line' id='line_1_18' title="bbox 209 2103 1343 2202; baseline -0.005 -23"><span class='ocrx_word' id='word_1_158' title='bbox 209 2133 233 2188; x_wconf 87' lang='lat' dir='ltr'><strong>c</strong></span> <span class='ocrx_word' id='word_1_159' title='bbox 249 2110 394 2180; x_wconf 86' lang='grc' dir='ltr'><strong><em>νοόαολιν</em></strong></span> <span class='ocrx_word' id='word_1_160' title='bbox 403 2112 615 2201; x_wconf 80' lang='grc' dir='ltr'><strong><em>ίαανέστρεφε,</em></strong></span> <span class='ocrx_word' id='word_1_161' title='bbox 636 2118 680 2202; x_wconf 73' lang='grc' dir='ltr'><strong><em>τῷ</em></strong></span> <span class='ocrx_word' id='word_1_162' title='bbox 689 2111 804 2200; x_wconf 67' lang='grc' dir='ltr'><strong><em>Ἰωσὴφ</em></strong></span> <span class='ocrx_word' id='word_1_163' title='bbox 815 2109 894 2196; x_wconf 74' lang='grc' dir='ltr'><strong><em>μεθ’</em></strong></span> <span class='ocrx_word' id='word_1_164' title='bbox 909 2107 1091 2198; x_wconf 72' lang='grc' dir='ltr'><strong><em>ἱλαρότητος</em></strong></span> <span class='ocrx_word' id='word_1_165' title='bbox 1104 2103 1343 2190; x_wconf 80' lang='grc' dir='ltr'><strong><em>συνταξάμενος.</em></strong></span> 
     </span>
    </p>
   </div>
   <div class='ocr_carea' id='block_1_4' title="bbox 245 2320 1343 4330">
    <p class='ocr_par' dir='ltr' id='par_1_5' title="bbox 245 2320 1343 4330">
     <span class='ocr_line' id='line_1_19' title="bbox 246 2320 1342 2398; baseline -0.005 -18"><span class='ocrx_word' id='word_1_166' title='bbox 246 2325 371 2380; x_wconf 81' lang='lat' dir='ltr'>semmei</span> <span class='ocrx_word' id='word_1_167' title='bbox 388 2332 433 2379; x_wconf 85' lang='lat' dir='ltr'>aut</span> <span class='ocrx_word' id='word_1_168' title='bbox 456 2342 581 2397; x_wconf 80' lang='lat' dir='ltr'>apperens</span> <span class='ocrx_word' id='word_1_169' title='bbox 606 2325 836 2398; x_wconf 72' lang='lat' dir='ltr'>praevaricationis</span> <span class='ocrx_word' id='word_1_170' title='bbox 861 2326 888 2380; x_wconf 90' lang='lat' dir='ltr'>iu</span> <span class='ocrx_word' id='word_1_171' title='bbox 911 2323 988 2377; x_wconf 87' lang='lat' dir='ltr'>rebus</span> <span class='ocrx_word' id='word_1_172' title='bbox 1009 2320 1123 2376; x_wconf 82' lang='lat' dir='ltr'>maximis</span> <span class='ocrx_word' id='word_1_173' title='bbox 1145 2321 1242 2375; x_wconf 73' lang='grc' dir='ltr'><strong><em>σάτραι</em></strong></span> <span class='ocrx_word' id='word_1_174' title='bbox 1264 2322 1342 2394; x_wconf 79' lang='lat' dir='ltr'>impa-</span> 
     </span>
     <span class='ocr_line' id='line_1_20' title="bbox 246 2390 1343 2466; baseline -0.003 -18"><span class='ocrx_word' id='word_1_175' title='bbox 246 2396 342 2458; x_wconf 75' lang='lat' dir='ltr'>esuris,</span> <span class='ocrx_word' id='word_1_176' title='bbox 368 2394 511 2449; x_wconf 71' lang='lat' dir='ltr'>sustinebat</span> <span class='ocrx_word' id='word_1_177' title='bbox 529 2414 558 2449; x_wconf 87' lang='lat' dir='ltr'>se</span> <span class='ocrx_word' id='word_1_178' title='bbox 583 2413 599 2449; x_wconf 88' lang='lat' dir='ltr'>e</span> <span class='ocrx_word' id='word_1_179' title='bbox 622 2396 757 2450; x_wconf 83' lang='lat' dir='ltr'>scribendo</span> <span class='ocrx_word' id='word_1_180' title='bbox 774 2395 926 2466; x_wconf 71' lang='lat' dir='ltr'>quietusque</span> <span class='ocrx_word' id='word_1_181' title='bbox 951 2394 1092 2463; x_wconf 70' lang='lat' dir='ltr'><strong>perstabat.</strong></span> <span class='ocrx_word' id='word_1_182' title='bbox 1127 2390 1189 2462; x_wconf 86' lang='lat' dir='ltr'>quin</span> <span class='ocrx_word' id='word_1_183' title='bbox 1207 2399 1235 2445; x_wconf 92' lang='lat' dir='ltr'>et</span> <span class='ocrx_word' id='word_1_184' title='bbox 1252 2392 1343 2463; x_wconf 77' lang='lat' dir='ltr'>Xiphi-</span> 
     </span>
     <span class='ocr_line' id='line_1_21' title="bbox 246 2459 1341 2547; baseline -0.004 -29"><span class='ocrx_word' id='word_1_185' title='bbox 246 2465 298 2518; x_wconf 91' lang='lat' dir='ltr'>linu</span> <span class='ocrx_word' id='word_1_186' title='bbox 316 2464 373 2515; x_wconf 82' lang='lat' dir='ltr'>uiro</span> <span class='ocrx_word' id='word_1_187' title='bbox 391 2464 477 2530; x_wconf 82' lang='lat' dir='ltr'>gravi,</span> <span class='ocrx_word' id='word_1_188' title='bbox 492 2482 582 2547; x_wconf 60' lang='lat' dir='ltr'>rusguq</span> <span class='ocrx_word' id='word_1_189' title='bbox 601 2469 662 2517; x_wconf 78' lang='lat' dir='ltr'>tunc</span> <span class='ocrx_word' id='word_1_190' title='bbox 678 2482 814 2547; x_wconf 69' lang='lat' dir='ltr'>oeeunomo</span> <span class='ocrx_word' id='word_1_191' title='bbox 831 2462 970 2546; x_wconf 71' lang='lat' dir='ltr'>ecciesiae,</span> <span class='ocrx_word' id='word_1_192' title='bbox 987 2459 1148 2515; x_wconf 81' lang='lat' dir='ltr'>confirmarit</span> <span class='ocrx_word' id='word_1_193' title='bbox 1164 2478 1194 2514; x_wconf 88' lang='lat' dir='ltr'>se</span> <span class='ocrx_word' id='word_1_194' title='bbox 1209 2461 1341 2531; x_wconf 71' lang='lat' dir='ltr'>haudque·</span> 
     </span>
     <span class='ocr_line' id='line_1_22' title="bbox 245 2531 1341 2671; baseline -0.003 -16"><span class='ocrx_word' id='word_1_195' title='bbox 245 2541 611 2671; x_wconf 46' lang='lat' dir='ltr'>indidistis?</span> <span class='ocrx_word' id='word_1_196' title='bbox 624 2531 1341 2670; x_wconf 55' lang='lat' dir='ltr'>tissitnittitt&#39;tttitiintittiffitti</span> 
     </span>
     <span class='ocr_line' id='line_1_23' title="bbox 245 2666 1341 2753; baseline -0.003 -30"><span class='ocrx_word' id='word_1_197' title='bbox 245 2688 313 2741; x_wconf 89' lang='lat' dir='ltr'>quae</span> <span class='ocrx_word' id='word_1_198' title='bbox 336 2668 412 2721; x_wconf 83' lang='lat' dir='ltr'>semei</span> <span class='ocrx_word' id='word_1_199' title='bbox 437 2668 490 2722; x_wconf 82' lang='lat' dir='ltr'>fixa</span> <span class='ocrx_word' id='word_1_200' title='bbox 511 2679 600 2722; x_wconf 88' lang='lat' dir='ltr'>tenere</span> <span class='ocrx_word' id='word_1_201' title='bbox 622 2670 797 2735; x_wconf 75' lang='lat' dir='ltr'>decrevimus,</span> <span class='ocrx_word' id='word_1_202' title='bbox 822 2688 852 2724; x_wconf 88' lang='lat' dir='ltr'>en</span> <span class='ocrx_word' id='word_1_203' title='bbox 876 2669 974 2753; x_wconf 76' lang='lat' dir='ltr'>ipsein</span> <span class='ocrx_word' id='word_1_204' title='bbox 997 2666 1195 2722; x_wconf 78' lang='lat' dir='ltr'>concertetiouis</span> <span class='ocrx_word' id='word_1_205' title='bbox 1211 2669 1294 2722; x_wconf 85' lang='lat' dir='ltr'>aleam</span> <span class='ocrx_word' id='word_1_206' title='bbox 1309 2670 1341 2721; x_wconf 91' lang='lat' dir='ltr'>de</span> 
     </span>
     <span class='ocr_line' id='line_1_24' title="bbox 245 2736 1341 2810; baseline -0.003 -16"><span class='ocrx_word' id='word_1_207' title='bbox 245 2757 312 2794; x_wconf 83' lang='lat' dir='ltr'>novo</span> <span class='ocrx_word' id='word_1_208' title='bbox 334 2736 472 2806; x_wconf 83' lang='lat' dir='ltr'>iaciamus,</span> <span class='ocrx_word' id='word_1_209' title='bbox 498 2740 566 2809; x_wconf 91' lang='lat' dir='ltr'>quod</span> <span class='ocrx_word' id='word_1_210' title='bbox 591 2756 646 2792; x_wconf 83' lang='lat' dir='ltr'>euru</span> <span class='ocrx_word' id='word_1_211' title='bbox 668 2738 700 2792; x_wconf 90' lang='lat' dir='ltr'>iis</span> <span class='ocrx_word' id='word_1_212' title='bbox 725 2739 769 2810; x_wconf 91' lang='lat' dir='ltr'>qui</span> <span class='ocrx_word' id='word_1_213' title='bbox 786 2745 916 2793; x_wconf 72' lang='lat' dir='ltr'>contraria</span> <span class='ocrx_word' id='word_1_214' title='bbox 933 2742 1015 2809; x_wconf 84' lang='lat' dir='ltr'>palam</span> <span class='ocrx_word' id='word_1_215' title='bbox 1033 2737 1147 2791; x_wconf 86' lang='lat' dir='ltr'>sentiunt</span> <span class='ocrx_word' id='word_1_216' title='bbox 1162 2754 1280 2809; x_wconf 88' lang='lat' dir='ltr'>quosque</span> <span class='ocrx_word' id='word_1_217' title='bbox 1296 2755 1341 2810; x_wconf 82' lang='lat' dir='ltr'>pro</span> 
     </span>
     <span class='ocr_line' id='line_1_25' title="bbox 245 2805 1341 2874; baseline -0.001 -12"><span class='ocrx_word' id='word_1_218' title='bbox 245 2808 410 2863; x_wconf 71' lang='lat' dir='ltr'>novatoribus</span> <span class='ocrx_word' id='word_1_219' title='bbox 427 2807 453 2861; x_wconf 88' lang='lat' dir='ltr'>in</span> <span class='ocrx_word' id='word_1_220' title='bbox 470 2810 547 2861; x_wconf 90' lang='lat' dir='ltr'>rebus</span> <span class='ocrx_word' id='word_1_221' title='bbox 563 2808 744 2862; x_wconf 80' lang='lat' dir='ltr'>ecclesiasticis</span> <span class='ocrx_word' id='word_1_222' title='bbox 767 2808 903 2874; x_wconf 81' lang='lat' dir='ltr'>babemus,</span> <span class='ocrx_word' id='word_1_223' title='bbox 928 2809 994 2861; x_wconf 85' lang='lat' dir='ltr'>ultro</span> <span class='ocrx_word' id='word_1_224' title='bbox 1011 2805 1195 2862; x_wconf 81' lang='lat' dir='ltr'>deseendamus</span> <span class='ocrx_word' id='word_1_225' title='bbox 1212 2807 1240 2860; x_wconf 91' lang='lat' dir='ltr'>in</span> <span class='ocrx_word' id='word_1_226' title='bbox 1257 2820 1341 2861; x_wconf 73' lang='lat' dir='ltr'>oeru-</span> 
     </span>
     <span class='ocr_line' id='line_1_26' title="bbox 246 2876 1340 2948; baseline -0.002 -16"><span class='ocrx_word' id='word_1_227' title='bbox 246 2895 324 2943; x_wconf 82' lang='lat' dir='ltr'>anen,</span> <span class='ocrx_word' id='word_1_228' title='bbox 345 2876 434 2931; x_wconf 90' lang='lat' dir='ltr'>audire</span> <span class='ocrx_word' id='word_1_229' title='bbox 457 2895 661 2948; x_wconf 81' lang='lat' dir='ltr'>cognoscersque</span> <span class='ocrx_word' id='word_1_230' title='bbox 687 2879 842 2932; x_wconf 79' lang='lat' dir='ltr'>sustinentes</span> <span class='ocrx_word' id='word_1_231' title='bbox 865 2877 927 2948; x_wconf 89' lang='lat' dir='ltr'>quid</span> <span class='ocrx_word' id='word_1_232' title='bbox 948 2877 985 2930; x_wconf 88' lang='lat' dir='ltr'>iiii</span> <span class='ocrx_word' id='word_1_233' title='bbox 1010 2894 1058 2947; x_wconf 80' lang='lat' dir='ltr'>pro</span> <span class='ocrx_word' id='word_1_234' title='bbox 1083 2892 1113 2930; x_wconf 84' lang='lat' dir='ltr'>se</span> <span class='ocrx_word' id='word_1_235' title='bbox 1128 2876 1251 2944; x_wconf 80' lang='lat' dir='ltr'>allegent.</span> <span class='ocrx_word' id='word_1_236' title='bbox 1286 2893 1340 2930; x_wconf 82' lang='lat' dir='ltr'>cum</span> 
     </span>
     <span class='ocr_line' id='line_1_27' title="bbox 246 2946 1343 3018; baseline -0.002 -17"><span class='ocrx_word' id='word_1_237' title='bbox 246 2948 312 3001; x_wconf 87' lang='lat' dir='ltr'>enim</span> <span class='ocrx_word' id='word_1_238' title='bbox 330 2946 488 3000; x_wconf 73' lang='lat' dir='ltr'>menifestum</span> <span class='ocrx_word' id='word_1_239' title='bbox 513 2948 549 2999; x_wconf 87' lang='lat' dir='ltr'>sit</span> <span class='ocrx_word' id='word_1_240' title='bbox 572 2964 616 3000; x_wconf 85' lang='lat' dir='ltr'>eos</span> <span class='ocrx_word' id='word_1_241' title='bbox 643 2947 722 3000; x_wconf 83' lang='lat' dir='ltr'>semei</span> <span class='ocrx_word' id='word_1_242' title='bbox 745 2953 844 3002; x_wconf 84' lang='lat' dir='ltr'>statuta</span> <span class='ocrx_word' id='word_1_243' title='bbox 867 2954 975 3018; x_wconf 80' lang='lat' dir='ltr'>rataque</span> <span class='ocrx_word' id='word_1_244' title='bbox 992 2947 1081 3000; x_wconf 86' lang='lat' dir='ltr'>habite</span> <span class='ocrx_word' id='word_1_245' title='bbox 1098 2946 1185 2998; x_wconf 86' lang='lat' dir='ltr'>uonari</span> <span class='ocrx_word' id='word_1_246' title='bbox 1200 2946 1343 2999; x_wconf 77' lang='lat' dir='ltr'>convellere</span> 
     </span>
     <span class='ocr_line' id='line_1_28' title="bbox 247 3014 1340 3088; baseline -0.004 -18"><span class='ocrx_word' id='word_1_247' title='bbox 247 3019 381 3088; x_wconf 72' lang='lat' dir='ltr'>dogmate,</span> <span class='ocrx_word' id='word_1_248' title='bbox 398 3035 474 3070; x_wconf 84' lang='lat' dir='ltr'>uuum</span> <span class='ocrx_word' id='word_1_249' title='bbox 491 3016 564 3070; x_wconf 87' lang='lat' dir='ltr'>nobis</span> <span class='ocrx_word' id='word_1_250' title='bbox 580 3016 698 3088; x_wconf 86' lang='lat' dir='ltr'>idemque</span> <span class='ocrx_word' id='word_1_251' title='bbox 714 3018 844 3069; x_wconf 80' lang='lat' dir='ltr'>sufficiens</span> <span class='ocrx_word' id='word_1_252' title='bbox 860 3016 983 3069; x_wconf 81' lang='lat' dir='ltr'>adversus</span> <span class='ocrx_word' id='word_1_253' title='bbox 998 3014 1133 3070; x_wconf 85' lang='lat' dir='ltr'>instantias</span> <span class='ocrx_word' id='word_1_254' title='bbox 1145 3030 1231 3067; x_wconf 77' lang='lat' dir='ltr'>eorum</span> <span class='ocrx_word' id='word_1_255' title='bbox 1245 3032 1340 3081; x_wconf 82' lang='lat' dir='ltr'>omnes,</span> 
     </span>
     <span class='ocr_line' id='line_1_29' title="bbox 246 3084 1340 3170; baseline -0.004 -32"><span class='ocrx_word' id='word_1_256' title='bbox 246 3086 274 3168; x_wconf 79' lang='lat' dir='ltr'>in</span> <span class='ocrx_word' id='word_1_257' title='bbox 298 3087 426 3140; x_wconf 85' lang='lat' dir='ltr'>eontrariu</span> <span class='ocrx_word' id='word_1_258' title='bbox 450 3087 583 3157; x_wconf 74' lang='lat' dir='ltr'>palamque</span> <span class='ocrx_word' id='word_1_259' title='bbox 611 3103 658 3170; x_wconf 62' lang='lat' dir='ltr'>pro</span> <span class='ocrx_word' id='word_1_260' title='bbox 685 3086 758 3140; x_wconf 89' lang='lat' dir='ltr'>uobis</span> <span class='ocrx_word' id='word_1_261' title='bbox 775 3094 859 3139; x_wconf 85' lang='lat' dir='ltr'>stante</span> <span class='ocrx_word' id='word_1_262' title='bbox 879 3086 1007 3169; x_wconf 67' lang='lat' dir='ltr'>ecciesiae</span> <span class='ocrx_word' id='word_1_263' title='bbox 1022 3100 1162 3168; x_wconf 79' lang='lat' dir='ltr'>censensu,</span> <span class='ocrx_word' id='word_1_264' title='bbox 1184 3088 1257 3165; x_wconf 61' lang='lat' dir='ltr'>petet</span> <span class='ocrx_word' id='word_1_265' title='bbox 1272 3084 1340 3135; x_wconf 83' lang='lat' dir='ltr'>effn-</span> 
     </span>
     <span class='ocr_line' id='line_1_30' title="bbox 247 3153 1338 3296; baseline -0.002 -22"><span class='ocrx_word' id='word_1_266' title='bbox 247 3171 408 3277; x_wconf 51' lang='lat' dir='ltr'>tainu}</span> <span class='ocrx_word' id='word_1_267' title='bbox 429 3153 1338 3296; x_wconf 57' lang='lat' dir='ltr'>zizinni‘te‡3¹¹t.i“ntt⁰:⁰ititdiif”it&#39;tuitii</span> 
     </span>
     <span class='ocr_line' id='line_1_31' title="bbox 247 3294 1339 3364; baseline -0.001 -22"><span class='ocrx_word' id='word_1_268' title='bbox 247 3308 295 3361; x_wconf 85' lang='lat' dir='ltr'>pru</span> <span class='ocrx_word' id='word_1_269' title='bbox 314 3299 401 3343; x_wconf 84' lang='lat' dir='ltr'>nostra</span> <span class='ocrx_word' id='word_1_270' title='bbox 418 3302 492 3362; x_wconf 85' lang='lat' dir='ltr'>parte</span> <span class='ocrx_word' id='word_1_271' title='bbox 508 3294 646 3348; x_wconf 84' lang='lat' dir='ltr'>clarissima</span> <span class='ocrx_word' id='word_1_272' title='bbox 663 3303 813 3364; x_wconf 80' lang='lat' dir='ltr'>argumente</span> <span class='ocrx_word' id='word_1_273' title='bbox 828 3296 1002 3362; x_wconf 79' lang='lat' dir='ltr'>proteramus,</span> <span class='ocrx_word' id='word_1_274' title='bbox 1027 3294 1072 3345; x_wconf 85' lang='lat' dir='ltr'>vix</span> <span class='ocrx_word' id='word_1_275' title='bbox 1088 3306 1189 3362; x_wconf 81' lang='lat' dir='ltr'>sperare</span> <span class='ocrx_word' id='word_1_276' title='bbox 1204 3305 1339 3359; x_wconf 73' lang='lat' dir='ltr'>pommus</span> 
     </span>
     <span class='ocr_line' id='line_1_32' title="bbox 247 3358 1341 3434; baseline -0.002 -22"><span class='ocrx_word' id='word_1_277' title='bbox 247 3367 412 3412; x_wconf 80' lang='lat' dir='ltr'>assecuturos</span> <span class='ocrx_word' id='word_1_278' title='bbox 428 3380 475 3416; x_wconf 92' lang='lat' dir='ltr'>nos</span> <span class='ocrx_word' id='word_1_279' title='bbox 492 3372 520 3416; x_wconf 88' lang='lat' dir='ltr'>ut</span> <span class='ocrx_word' id='word_1_280' title='bbox 537 3381 603 3434; x_wconf 88' lang='lat' dir='ltr'>quae</span> <span class='ocrx_word' id='word_1_281' title='bbox 619 3363 813 3433; x_wconf 83' lang='lat' dir='ltr'>allegaverimus</span> <span class='ocrx_word' id='word_1_282' title='bbox 830 3368 928 3415; x_wconf 82' lang='lat' dir='ltr'>attente</span> <span class='ocrx_word' id='word_1_283' title='bbox 944 3369 1144 3431; x_wconf 59' lang='lat' dir='ltr'>cognoscentem</span> <span class='ocrx_word' id='word_1_284' title='bbox 1159 3358 1236 3411; x_wconf 82' lang='lat' dir='ltr'>multo</span> <span class='ocrx_word' id='word_1_285' title='bbox 1253 3366 1341 3411; x_wconf 80' lang='lat' dir='ltr'>auteur</span> 
     </span>
     <span class='ocr_line' id='line_1_33' title="bbox 247 3426 1342 3503; baseline 0 -24"><span class='ocrx_word' id='word_1_286' title='bbox 247 3426 412 3480; x_wconf 83' lang='lat' dir='ltr'>verisimiiius</span> <span class='ocrx_word' id='word_1_287' title='bbox 433 3431 524 3485; x_wconf 85' lang='lat' dir='ltr'>timere</span> <span class='ocrx_word' id='word_1_288' title='bbox 544 3449 677 3503; x_wconf 84' lang='lat' dir='ltr'>possumus</span> <span class='ocrx_word' id='word_1_289' title='bbox 700 3449 733 3485; x_wconf 88' lang='lat' dir='ltr'>ne</span> <span class='ocrx_word' id='word_1_290' title='bbox 756 3432 828 3485; x_wconf 89' lang='lat' dir='ltr'>nobis</span> <span class='ocrx_word' id='word_1_291' title='bbox 843 3432 982 3500; x_wconf 79' lang='lat' dir='ltr'>imputetur</span> <span class='ocrx_word' id='word_1_292' title='bbox 1005 3431 1106 3486; x_wconf 87' lang='lat' dir='ltr'>refictio</span> <span class='ocrx_word' id='word_1_293' title='bbox 1122 3429 1300 3498; x_wconf 72' lang='lat' dir='ltr'>revocatoque</span> <span class='ocrx_word' id='word_1_294' title='bbox 1315 3428 1342 3480; x_wconf 90' lang='lat' dir='ltr'>in</span> 
     </span>
     <span class='ocr_line' id='line_1_34' title="bbox 247 3496 1342 3570; baseline 0 -21"><span class='ocrx_word' id='word_1_295' title='bbox 247 3496 350 3549; x_wconf 84' lang='lat' dir='ltr'>dubium</span> <span class='ocrx_word' id='word_1_296' title='bbox 366 3500 445 3550; x_wconf 85' lang='lat' dir='ltr'>semel</span> <span class='ocrx_word' id='word_1_297' title='bbox 471 3501 537 3553; x_wconf 86' lang='lat' dir='ltr'>omni</span> <span class='ocrx_word' id='word_1_298' title='bbox 554 3501 677 3555; x_wconf 83' lang='lat' dir='ltr'>firmitate</span> <span class='ocrx_word' id='word_1_299' title='bbox 693 3502 884 3554; x_wconf 81' lang='lat' dir='ltr'>constitutorum</span> <span class='ocrx_word' id='word_1_300' title='bbox 908 3500 1068 3569; x_wconf 68' lang='lat' dir='ltr'>dogmatum</span> <span class='ocrx_word' id='word_1_301' title='bbox 1085 3499 1154 3570; x_wconf 92' lang='lat' dir='ltr'>quod</span> <span class='ocrx_word' id='word_1_302' title='bbox 1171 3496 1297 3563; x_wconf 80' lang='lat' dir='ltr'>odiosius,</span> <span class='ocrx_word' id='word_1_303' title='bbox 1314 3505 1342 3549; x_wconf 83' lang='lat' dir='ltr'>et</span> 
     </span>
     <span class='ocr_line' id='line_1_35' title="bbox 246 3564 1341 3638; baseline 0 -20"><span class='ocrx_word' id='word_1_304' title='bbox 246 3564 321 3618; x_wconf 89' lang='lat' dir='ltr'>nubis</span> <span class='ocrx_word' id='word_1_305' title='bbox 338 3564 485 3631; x_wconf 76' lang='lat' dir='ltr'>fugiendum</span> <span class='ocrx_word' id='word_1_306' title='bbox 502 3571 544 3623; x_wconf 86' lang='lat' dir='ltr'>vel</span> <span class='ocrx_word' id='word_1_307' title='bbox 560 3572 666 3623; x_wconf 86' lang='lat' dir='ltr'>maxime</span> <span class='ocrx_word' id='word_1_308' title='bbox 683 3571 776 3623; x_wconf 71' lang='lat' dir='ltr'>odmen</span> <span class='ocrx_word' id='word_1_309' title='bbox 794 3579 841 3621; x_wconf 77' lang='lat' dir='ltr'>est</span> <span class='ocrx_word' id='word_1_310' title='bbox 876 3587 909 3622; x_wconf 87' lang='lat' dir='ltr'>ee</span> <span class='ocrx_word' id='word_1_311' title='bbox 926 3580 988 3623; x_wconf 85' lang='lat' dir='ltr'>tuno</span> <span class='ocrx_word' id='word_1_312' title='bbox 1004 3570 1047 3622; x_wconf 87' lang='lat' dir='ltr'>iiie</span> <span class='ocrx_word' id='word_1_313' title='bbox 1064 3570 1181 3633; x_wconf 85' lang='lat' dir='ltr'>dicebat,</span> <span class='ocrx_word' id='word_1_314' title='bbox 1197 3570 1299 3638; x_wconf 84' lang='lat' dir='ltr'>quoties</span> <span class='ocrx_word' id='word_1_315' title='bbox 1314 3567 1341 3618; x_wconf 86' lang='lat' dir='ltr'>in</span> 
     </span>
     <span class='ocr_line' id='line_1_36' title="bbox 245 3638 1341 3706; baseline 0.002 -20"><span class='ocrx_word' id='word_1_316' title='bbox 245 3651 335 3686; x_wconf 79' lang='lat' dir='ltr'>suerrus</span> <span class='ocrx_word' id='word_1_317' title='bbox 351 3645 463 3687; x_wconf 85' lang='lat' dir='ltr'>sumeret</span> <span class='ocrx_word' id='word_1_318' title='bbox 479 3639 635 3692; x_wconf 84' lang='lat' dir='ltr'>haerentium</span> <span class='ocrx_word' id='word_1_319' title='bbox 651 3639 735 3693; x_wconf 83' lang='lat' dir='ltr'>edhnc</span> <span class='ocrx_word' id='word_1_320' title='bbox 751 3638 880 3692; x_wconf 75' lang='lat' dir='ltr'>schismati</span> <span class='ocrx_word' id='word_1_321' title='bbox 896 3639 1088 3692; x_wconf 83' lang='lat' dir='ltr'>commentarios</span> <span class='ocrx_word' id='word_1_322' title='bbox 1104 3644 1258 3702; x_wconf 68' lang='lat' dir='ltr'>auctorum</span> <span class='ocrx_word' id='word_1_323' title='bbox 1279 3651 1341 3706; x_wconf 81' lang='lat' dir='ltr'>quus</span> 
     </span>
     <span class='ocr_line' id='line_1_37' title="bbox 245 3704 1340 3775; baseline 0.002 -19"><span class='ocrx_word' id='word_1_324' title='bbox 245 3712 331 3756; x_wconf 81' lang='lat' dir='ltr'>tamen</span> <span class='ocrx_word' id='word_1_325' title='bbox 348 3719 403 3755; x_wconf 85' lang='lat' dir='ltr'>cum</span> <span class='ocrx_word' id='word_1_326' title='bbox 421 3704 513 3758; x_wconf 89' lang='lat' dir='ltr'>deinde</span> <span class='ocrx_word' id='word_1_327' title='bbox 530 3705 643 3775; x_wconf 78' lang='lat' dir='ltr'>legeret,</span> <span class='ocrx_word' id='word_1_328' title='bbox 669 3707 873 3771; x_wconf 80' lang='lat' dir='ltr'>animadvertens</span> <span class='ocrx_word' id='word_1_329' title='bbox 889 3708 992 3762; x_wconf 76' lang='lat' dir='ltr'>multans</span> <span class='ocrx_word' id='word_1_330' title='bbox 1009 3725 1097 3761; x_wconf 86' lang='lat' dir='ltr'>eorum</span> <span class='ocrx_word' id='word_1_331' title='bbox 1113 3706 1198 3760; x_wconf 80' lang='lat' dir='ltr'>isberu</span> <span class='ocrx_word' id='word_1_332' title='bbox 1213 3706 1340 3759; x_wconf 77' lang='lat' dir='ltr'>fraudem-</span> 
     </span>
     <span class='ocr_line' id='line_1_38' title="bbox 245 3772 1341 3900; baseline 0 -6"><span class='ocrx_word' id='word_1_333' title='bbox 245 3772 596 3897; x_wconf 63' lang='lat' dir='ltr'>tttziiti⁰¹²i⁰iitt</span> <span class='ocrx_word' id='word_1_334' title='bbox 613 3774 1341 3900; x_wconf 45' lang='lat' dir='ltr'>titii.stititinditiiussttmtfliddzd:</span> 
     </span>
     <span class='ocr_line' id='line_1_39' title="bbox 245 3881 1341 3985; baseline 0.001 -22"><span class='ocrx_word' id='word_1_335' title='bbox 245 3918 302 3971; x_wconf 82' lang='lat' dir='ltr'>tur,</span> <span class='ocrx_word' id='word_1_336' title='bbox 319 3927 352 3963; x_wconf 93' lang='lat' dir='ltr'>ne</span> <span class='ocrx_word' id='word_1_337' title='bbox 368 3910 396 3964; x_wconf 89' lang='lat' dir='ltr'>id</span> <span class='ocrx_word' id='word_1_338' title='bbox 413 3881 527 3980; x_wconf 69' lang='lat' dir='ltr'>iaceret,</span> <span class='ocrx_word' id='word_1_339' title='bbox 553 3931 585 3967; x_wconf 91' lang='lat' dir='ltr'>ea</span> <span class='ocrx_word' id='word_1_340' title='bbox 602 3932 677 3984; x_wconf 83' lang='lat' dir='ltr'>quam</span> <span class='ocrx_word' id='word_1_341' title='bbox 694 3915 749 3967; x_wconf 85' lang='lat' dir='ltr'>dixi</span> <span class='ocrx_word' id='word_1_342' title='bbox 765 3915 878 3980; x_wconf 85' lang='lat' dir='ltr'>rutiuue;</span> <span class='ocrx_word' id='word_1_343' title='bbox 901 3933 952 3985; x_wconf 85' lang='lat' dir='ltr'>qua</span> <span class='ocrx_word' id='word_1_344' title='bbox 968 3923 1053 3970; x_wconf 85' lang='lat' dir='ltr'>tamea</span> <span class='ocrx_word' id='word_1_345' title='bbox 1068 3930 1191 3968; x_wconf 65' lang='lat' dir='ltr'>exuamus</span> <span class='ocrx_word' id='word_1_346' title='bbox 1208 3913 1242 3966; x_wconf 92' lang='lat' dir='ltr'>ad</span> <span class='ocrx_word' id='word_1_347' title='bbox 1259 3920 1341 3966; x_wconf 80' lang='lat' dir='ltr'>estre·</span> 
     </span>
     <span class='ocr_line' id='line_1_40' title="bbox 247 3980 1342 4068; baseline 0.003 -37"><span class='ocrx_word' id='word_1_348' title='bbox 247 3995 314 4032; x_wconf 84' lang='lat' dir='ltr'>suurn</span> <span class='ocrx_word' id='word_1_349' title='bbox 332 3987 389 4044; x_wconf 88' lang='lat' dir='ltr'>est,</span> <span class='ocrx_word' id='word_1_350' title='bbox 414 3980 505 4034; x_wconf 74' lang='lat' dir='ltr'>venire</span> <span class='ocrx_word' id='word_1_351' title='bbox 530 3993 634 4037; x_wconf 85' lang='lat' dir='ltr'>euectus</span> <span class='ocrx_word' id='word_1_352' title='bbox 660 3984 692 4036; x_wconf 93' lang='lat' dir='ltr'>ad</span> <span class='ocrx_word' id='word_1_353' title='bbox 717 3984 917 4054; x_wconf 85' lang='lat' dir='ltr'>experimentum</span> <span class='ocrx_word' id='word_1_354' title='bbox 939 3984 1036 4068; x_wconf 75' lang='lat' dir='ltr'>scripto</span> <span class='ocrx_word' id='word_1_355' title='bbox 1053 3982 1201 4053; x_wconf 84' lang='lat' dir='ltr'>disputandi</span> <span class='ocrx_word' id='word_1_356' title='bbox 1218 3982 1342 4035; x_wconf 76' lang='lat' dir='ltr'>adversus</span> 
     </span>
     <span class='ocr_line' id='line_1_41' title="bbox 248 4048 1342 4123; baseline 0 -22"><span class='ocrx_word' id='word_1_357' title='bbox 248 4058 338 4103; x_wconf 84' lang='lat' dir='ltr'>contra</span> <span class='ocrx_word' id='word_1_358' title='bbox 354 4049 511 4117; x_wconf 81' lang='lat' dir='ltr'>sentientes;</span> <span class='ocrx_word' id='word_1_359' title='bbox 535 4054 603 4108; x_wconf 89' lang='lat' dir='ltr'>unde</span> <span class='ocrx_word' id='word_1_360' title='bbox 619 4055 645 4105; x_wconf 90' lang='lat' dir='ltr'>in</span> <span class='ocrx_word' id='word_1_361' title='bbox 663 4053 755 4106; x_wconf 82' lang='lat' dir='ltr'>inuitas</span> <span class='ocrx_word' id='word_1_362' title='bbox 773 4063 801 4107; x_wconf 84' lang='lat' dir='ltr'>et</span> <span class='ocrx_word' id='word_1_363' title='bbox 823 4071 916 4123; x_wconf 76' lang='lat' dir='ltr'>graves</span> <span class='ocrx_word' id='word_1_364' title='bbox 933 4054 1042 4123; x_wconf 71' lang='lat' dir='ltr'>contigit</span> <span class='ocrx_word' id='word_1_365' title='bbox 1058 4070 1116 4106; x_wconf 85' lang='lat' dir='ltr'>eom</span> <span class='ocrx_word' id='word_1_366' title='bbox 1132 4051 1266 4121; x_wconf 75' lang='lat' dir='ltr'>angiutiss</span> <span class='ocrx_word' id='word_1_367' title='bbox 1281 4048 1342 4103; x_wconf 82' lang='lat' dir='ltr'>inci·</span> 
     </span>
     <span class='ocr_line' id='line_1_42' title="bbox 249 4117 1341 4194; baseline 0.003 -25"><span class='ocrx_word' id='word_1_368' title='bbox 249 4117 319 4172; x_wconf 85' lang='lat' dir='ltr'>dere.</span> <span class='ocrx_word' id='word_1_369' title='bbox 351 4127 416 4172; x_wconf 88' lang='lat' dir='ltr'>tune</span> <span class='ocrx_word' id='word_1_370' title='bbox 440 4129 525 4175; x_wconf 86' lang='lat' dir='ltr'>autem</span> <span class='ocrx_word' id='word_1_371' title='bbox 544 4130 585 4175; x_wconf 85' lang='lat' dir='ltr'>sat</span> <span class='ocrx_word' id='word_1_372' title='bbox 610 4120 693 4175; x_wconf 85' lang='lat' dir='ltr'>multis</span> <span class='ocrx_word' id='word_1_373' title='bbox 719 4123 809 4175; x_wconf 85' lang='lat' dir='ltr'>diebus</span> <span class='ocrx_word' id='word_1_374' title='bbox 832 4123 975 4178; x_wconf 82' lang='lat' dir='ltr'>diversatus</span> <span class='ocrx_word' id='word_1_375' title='bbox 998 4122 1066 4194; x_wconf 83' lang='lat' dir='ltr'>apud</span> <span class='ocrx_word' id='word_1_376' title='bbox 1089 4123 1216 4186; x_wconf 83' lang='lat' dir='ltr'>Laurum,</span> <span class='ocrx_word' id='word_1_377' title='bbox 1247 4127 1275 4175; x_wconf 90' lang='lat' dir='ltr'>et</span> <span class='ocrx_word' id='word_1_378' title='bbox 1293 4120 1341 4171; x_wconf 81' lang='lat' dir='ltr'>iam</span> 
     </span>
     <span class='ocr_line' id='line_1_43' title="bbox 248 4186 1342 4264; baseline 0.005 -26"><span class='ocrx_word' id='word_1_379' title='bbox 248 4186 323 4254; x_wconf 69' lang='lat' dir='ltr'>plens</span> <span class='ocrx_word' id='word_1_380' title='bbox 345 4188 480 4242; x_wconf 84' lang='lat' dir='ltr'>restitutus</span> <span class='ocrx_word' id='word_1_381' title='bbox 503 4190 661 4259; x_wconf 80' lang='lat' dir='ltr'>valetudini,</span> <span class='ocrx_word' id='word_1_382' title='bbox 684 4190 929 4264; x_wconf 64' lang='lat' dir='ltr'>contantinopolim</span> <span class='ocrx_word' id='word_1_383' title='bbox 949 4192 1078 4260; x_wconf 70' lang='lat' dir='ltr'>revertit,</span> <span class='ocrx_word' id='word_1_384' title='bbox 1110 4192 1223 4246; x_wconf 77' lang='lat' dir='ltr'>salutato</span> <span class='ocrx_word' id='word_1_385' title='bbox 1253 4190 1281 4244; x_wconf 90' lang='lat' dir='ltr'>iu</span> <span class='ocrx_word' id='word_1_386' title='bbox 1303 4187 1342 4242; x_wconf 88' lang='lat' dir='ltr'>di-</span> 
     </span>
     <span class='ocr_line' id='line_1_44' title="bbox 248 4257 665 4330; baseline 0.002 -21"><span class='ocrx_word' id='word_1_387' title='bbox 248 4266 339 4319; x_wconf 67' lang='lat' dir='ltr'>gressu</span> <span class='ocrx_word' id='word_1_388' title='bbox 354 4257 534 4314; x_wconf 81' lang='lat' dir='ltr'>humanissime</span> <span class='ocrx_word' id='word_1_389' title='bbox 548 4260 665 4330; x_wconf 82' lang='lat' dir='ltr'>losepho.</span> 
     </span>
    </p>
   </div>
   <div class='ocr_carea' id='block_1_5' title="bbox 0 0 1533 4838">
    <p class='ocr_par' dir='ltr' id='par_1_6' title="bbox 0 0 1533 4838">
     <span class='ocr_line' id='line_1_45' title="bbox 0 0 1533 4838; baseline 0 0"><span class='ocrx_word' id='word_1_390' title='bbox 0 0 1533 4838; x_wconf 95' lang='lat' dir='ltr'> </span> 
     </span>
    </p>
   </div>
  </div>
 </body>
</html>
