2934 4838
399 332 480 406 llll.
500 332 558 405 ΠΙ.
595 332 960 409 monotoctcus.
1148 336 1223 411 719

179 500 184 509 ’
218 498 268 562 lix
289 498 377 562 dictis
396 499 575 581 intelligitur
592 522 669 584 quse
687 501 761 565 lldss
774 500 915 574 bsbends
937 501 978 564 sit
1007 501 1224 581 sstrolegorum

134 586 216 667 genti
230 586 309 647 circa
324 586 480 667 sclipsium
492 587 641 648 diritstem
655 596 685 649 ct
696 589 857 650 effectuum
870 609 908 649 ex
926 588 963 646 iis
978 591 1223 667 consequentium

10 740 11 749 χ
133 671 353 750 malignitatem.
393 679 465 731 suut
481 671 534 751 qui
545 673 693 757 maleficus
705 693 808 735 esrum
820 673 900 734 vires
913 671 1077 753 provinciis
1091 682 1122 731 et
1134 671 1223 732 urbi·

132 756 188 817 bns
197 756 366 836 specialiter
381 754 575 833 adscribunt,
597 765 627 818 et
641 757 797 818 duodecim
812 757 929 818 zodiaci
942 757 1033 836 signis
1043 757 1076 816 in
1095 768 1224 835 qustuor
1271 816 1276 833 ,

133 841 312 921 quodrantss
327 840 493 901 distributis
507 859 617 903 nocere
630 841 738 903 volunt
750 842 875 923 eclipses
890 842 926 902 iis
937 842 1098 922 praecipue
1116 840 1225 902 mundi

10 998 11 1001 Ἴ
130 924 285 1007 pertibus,
306 944 381 1004 quse
400 924 549 986 subiectus
563 934 633 988 sunt
653 925 737 1004 signo
751 925 836 987 cuius
847 926 879 985 in
892 927 1014 1005 regione
1030 928 1148 1008 eclipsis
1159 926 1223 1003 fist,

10 1020 12 1029 “
128 1019 161 1071 et
173 1010 334 1071 effectuum
354 1008 430 1069 vitis
441 1031 499 1091 pro
514 1011 633 1092 eclipsis
649 1010 855 1092 magnitudine
873 1009 913 1071 ad
926 1010 1028 1093 plures
1047 1031 1161 1073 menses
1175 1021 1224 1072 st·

130 1115 190 1176 que
202 1096 291 1155 etiam
304 1113 399 1153 snnos
412 1095 590 1159 extendunt.

10 1168 12 1185 '
214 1181 293 1238 Sunt
305 1179 357 1259 qui
374 1180 406 1240 in
421 1181 581 1261 eclipsibus
599 1174 949 1263 rstionemplsnetsrum
962 1178 1153 1261 praecipuum
1164 1178 1224 1240 ha-

128 1263 194 1326 beri
208 1262 330 1340 volunt,
351 1272 382 1324 et
395 1264 432 1324 iis
447 1267 576 1327 maxims
588 1262 758 1326 bominibus
773 1265 869 1327 labem
888 1264 1050 1325 timcndsm
1063 1264 1224 1344 sllirmant,

10 1336 15 1379 ²
128 1367 256 1429 quorum
271 1348 305 1407 in
320 1342 490 1431 horoscopo
509 1352 600 1411 iidem
621 1351 675 1431 qui
697 1350 854 1433 eclipsibus
867 1349 1060 1410 dominantur
1073 1350 1220 1430 planctse,
1236 1353 1261 1409 1²
1279 1352 1330 1410 508

11 1492 12 1505 ,
128 1432 302 1515 praesertim
321 1432 347 1493 sl
369 1436 552 1515 malignioris
566 1445 688 1497 nsturse
703 1447 789 1514 sunt,
816 1445 854 1495 ut
868 1436 947 1496 blare
961 1445 993 1496 et
1006 1437 1170 1512 Saturnus,
1192 1436 1223 1495 et

10 1514 15 1551 ²
130 1516 236 1581 eluse
251 1516 366 1577 Venere
390 1528 422 1580 st
440 1520 591 1581 Mercurio
609 1521 657 1581 ris
679 1541 783 1583 sorum
800 1520 933 1582 malefica
947 1510 1010 1581 non
1027 1520 1220 1599 refringatur.

213 1604 291 1662 Sunt
305 1601 356 1682 qui
368 1622 426 1684 pro
440 1606 532 1667 rsriis
548 1605 685 1666 domibus
705 1606 897 1683 coelestibus,
927 1603 1081 1685 inquibus
1096 1604 1221 1684 eclipses

127 1684 222 1764 fiunt,
243 1686 430 1767 distinguunt
449 1691 595 1752 malorum
614 1691 698 1752 veris
711 1711 817 1771 generu
831 1700 861 1751 et
876 1709 1088 1772 personarum,
1110 1689 1218 1770 quibus

10 1784 12 1829 l
129 1792 164 1832 es
177 1772 256 1832 mals
266 1772 448 1854 impendent.
491 1775 522 1837 in
534 1796 612 1836 nona
626 1776 716 1837 domo
728 1774 973 1856 significstionem
994 1773 1173 1834 seditionum
1186 1780 1219 1834 et

127 1859 307 1918 mutationes
322 1859 499 1940 religionum
520 1860 585 1922 lieri
604 1872 739 1922 asserunt
745 1883 755 1938 5
778 1862 812 1921 in
829 1862 932 1942 quinte
952 1878 1090 1939 agrorum
1106 1858 1219 1918 sterili-

10 1962 15 1987 =.
127 1950 221 2019 tstcs,
242 1943 332 2002 sames
344 1951 374 2003 et
394 1954 490 2025 pestes
504 1946 662 2028 portendi,
684 1946 789 2007 aulicis
804 1946 942 2006 fortunus
961 1944 1106 2019 ludibria,
1128 1963 1218 2025 prse-

10 2036 16 2075 :
127 2028 285 2106 guantibus
303 2027 421 2089 leminis
442 2039 546 2112 psrtus
566 2030 773 2092 infelicitatem
787 2031 937 2107 nuntisri3
959 2029 992 2089 in
1008 2038 1112 2110 qusrts
1127 2030 1221 2111 domo⁸

126 2114 256 2172 Saturno
270 2121 300 2173 et
311 2113 405 2173 Marte
418 2134 488 2175 cum
502 2116 606 2197 eclipsi
620 2114 867 2177 convenientibus
881 2116 1034 2176 vastitates
1054 2115 1173 2174 urbium
1188 2117 1219 2173 et

127 2196 314 2258 dominorum
327 2200 520 2259 mutationem
534 2200 704 2281 significari.
746 2211 777 2263 et
788 2199 862 2261 lrsec
874 2201 1003 2281 quidem,
1025 2199 1141 2279 alisque
1156 2210 1220 2258 nort

10 2278 12 2289 “
127 2282 273 2361 meliora,
294 2291 378 2342 tsnts
397 2284 576 2345 confidentia
596 2285 716 2366 quidum
735 2286 951 2368 pronuntiant,
973 2284 1058 2365 qnasi
1075 2293 1157 2344 certo
1171 2283 1220 2343 iu-

126 2376 195 2428 tura
211 2378 325 2447 essent,
346 2377 377 2429 st
391 2377 451 2428 tam
466 2380 563 2431 certes
579 2390 682 2432 eorurn
695 2382 801 2432 cauere
815 2371 852 2432 iis
864 2371 1043 2445 creduntur,
1063 2377 1099 2429 ut
1113 2387 1220 2449 perso-

10 2474 11 2483 *
126 2472 180 2513 nas
197 2452 286 2513 etism
306 2452 471 2532 singulsres
491 2470 563 2516 sexu
583 2456 767 2538 professione
785 2465 816 2517 et
835 2456 978 2536 dignitate
999 2453 1125 2533 aliisquo
1144 2470 1221 2536 pro-

124 2538 200 2618 priis
217 2536 438 2600 conditionibus
462 2540 633 2621 designent,
660 2550 692 2602 et
715 2541 790 2623 ipsis
809 2541 982 2602 nominibus
1004 2532 1220 2622 sppellare,sl

123 2631 191 2683 tuto
202 2631 337 2703 possent,
358 2624 564 2704 profiteantur.

208 2706 313 2769 xvii
343 2708 377 2768 ln
391 2708 451 2770 hoc
463 2731 569 2789 genere
583 2710 793 2792 prouidentiae
809 2720 914 2794 peccat
928 2709 962 2770 in
976 2706 1082 2793 primis
1094 2704 1220 2787 cypris-

124 2812 182 2854 nns
194 2792 343 2853 Leovitius
364 2794 397 2853 in
418 2795 615 2879 descriptione
631 2807 662 2859 et
676 2798 795 2880 pictura
819 2798 970 2877 eclipseon
989 2810 1065 2874 quse
1081 2788 1118 2850 ab
1138 2807 1216 2849 suno

125 2876 208 2942 1554
230 2896 325 2957 usque
347 2878 386 2939 sd
410 2883 491 2948 1605
518 2884 731 2963 contigerunt,
759 2881 815 2940 ubi
838 2894 939 2940 esrum
971 2875 1218 2955 significetionem

123 2963 213 3042 plsne
232 2962 397 3024 secundum
417 2967 533 3044 regulos
554 2966 667 3026 ustrolu
685 2966 730 3024 ise
750 2963 921 3025 iudicisrise
938 2960 1089 3020 describit.
1132 2958 1217 3037 quod

124 3053 319 3126 stprscstsnt
342 3057 412 3130 post
435 3050 634 3110 Ptolemaeum
657 2986 828 3123 (lsrdsnus,
854 3045 1028 3122 lunctinus,
1056 3042 1216 3122 Origsnus,

124 3140 155 3190 et
173 3131 223 3190 slii
243 3130 465 3213 ephemeriduur
486 3135 666 3213 scriptores,
691 3142 726 3192 ut
746 3131 819 3191 artis
837 3128 1010 3189 iudicisriss
1030 3129 1214 3208 professores

122 3215 257 3295 plerique
271 3236 381 3281 omncs.
424 3225 528 3276 contre
542 3236 616 3296 quos
631 3214 710 3275 nibil
723 3235 778 3293 ego
791 3214 891 3275 modo.
932 3212 1062 3273 sufficist
1077 3212 1159 3292 quod
1175 3212 1214 3272 ds

122 3296 282 3382 eclipsibus
300 3300 353 3359 bic
370 3300 577 3378 pronuntiavi,
598 3319 646 3360 ecs
665 3320 703 3360 ex
721 3299 887 3359 necesssrio
911 3307 941 3358 et
961 3318 979 3357 s
994 3297 1050 3358 deo
1071 3297 1212 3358 ordinato

123 3385 196 3444 solis
210 3395 241 3444 et
251 3385 339 3444 lunss
354 3402 481 3444 occursu
495 3385 544 3445 vel
558 3384 748 3466 oppositione
762 3382 913 3443 innocenti
925 3382 1062 3463 prodire,
1086 3402 1213 3462 querum

122 3479 276 3529 suctorsm
295 3477 438 3528 recusent
454 3469 476 3528 ii
495 3469 587 3548 impis
607 3471 661 3550 qui
679 3489 727 3529 eas
746 3477 794 3528 tot
815 3470 960 3529 malorum
982 3484 1084 3528 causes
1108 3466 1213 3528 baberi

122 3553 250 3629 volunt,
275 3562 348 3613 etse
364 3552 446 3634 ipsos
457 3554 610 3635 impistste
627 3554 699 3615 artis
715 3552 833 3616 inum·
846 3562 877 3616 et
891 3552 1029 3615 humenis
1042 3552 1213 3633 divinisque

121 3637 236 3718 legibus
249 3637 425 3698 interdictse
435 3639 648 3700 contaminant.

205 3723 306 3784 liceat
316 3722 503 3806 infidelibus,
523 3733 575 3785 aut
594 3723 668 3805 qnid
687 3723 728 3785 sit
742 3723 860 3807 eclipsis
876 3723 1091 3804 ignorantibus,
1111 3720 1212 3796 lunas,

121 3816 160 3869 ut
172 3817 297 3888 putant,
323 3808 475 3870 laboribus
490 3810 641 3888 opitulari.
683 3809 772 3869 liceat
781 3810 990 3870 tintinnabulis
1004 3817 1035 3868 et
1048 3804 1123 3866 seris
1136 3825 1211 3865 sono

13 3920 14 3923 ¹
121 3914 210 3974 qnsm
227 3903 356 3975 possunt
371 3892 632 3955 vehementissimo
650 3904 764 3956 terrers
781 3894 956 3965 draconem,
983 3891 1038 3972 qui
1057 3910 1127 3950 cum
1139 3890 1212 3953 lnua

120 3978 322 4058 congreditur.
363 3978 453 4040 licset
474 3979 660 4041 mulierculis
678 3979 756 4058 segis
779 3988 811 4040 et
834 3977 994 4048 mneside,
1025 3993 1101 4053 quae
1122 3974 1213 4055 lunas

120 4083 237 4125 emores
258 4062 394 4125 smbinnt
413 4073 467 4127 sut
480 4063 617 4126 vendunt
639 4066 774 4137 termes,
795 4083 861 4125 eam
883 4060 1047 4124 etenebris
1057 4078 1213 4136 emergen-

12 4206 13 4223 ,
120 4156 183 4211 tens
200 4149 251 4211 rel
263 4150 394 4211 selutsrs
404 4149 576 4210 redeuntem
589 4149 638 4212 vet
652 4150 839 4232 proclsmsre
858 4147 1025 4210 victricem.
1066 4142 1213 4204 Christis-

13 4260 14 4265 *
118 4233 168 4294 mis
182 4242 214 4295 st
227 4233 314 4296 deum
326 4234 500 4296 timentibus
510 4243 545 4295 ‘et
563 4233 686 4296 erudib's
700 4234 784 4294 nefas
799 4250 940 4311 succure
959 4229 1049 4292 deum
1065 4229 1100 4288 in
1115 4228 1213 4309 operi·

118 4318 176 4383 bus
190 4329 250 4383 um
262 4319 466 4404 praeclariset
480 4317 621 4383 beneficis
634 4318 868 4399 solisstlunae,
890 4313 1088 4379 murimundo
1100 4323 1211 4377 temere
