2966 4852
283 343 320 386 vr
517 384 527 391 ,
575 315 612 382 Ρ.
636 308 800 381 Possm
823 304 1062 376 DEDIGATIO.

283 482 358 560 fuit,
385 477 500 543 omaso
528 476 639 544 edendi
663 472 858 559 vertendique
879 471 996 552 officio,
1022 473 1202 534 lemmatum
1220 491 1255 533 ae
1273 468 1385 541 titulo,

286 602 354 648 rum
382 578 580 666 exscriptione
608 579 690 642 facili
715 575 867 657 defungi?
910 574 1062 660 aliquanto
1082 575 1150 657 plns
1170 569 1304 635 sacerdos
1320 573 1363 634 fe-

289 684 343 763 cit,
371 680 587 749 emotustmu
607 679 764 757 Petavius,
784 677 836 762 qui
858 694 917 760 qua
937 674 988 739 ria
1007 684 1146 737 veterum
1165 683 1364 735 monumento-

288 805 357 849 rum
376 782 602 846 scrutandorum
623 778 837 857 descendebat,
856 780 935 839 forte
951 786 1055 838 nactus
1071 774 1272 837 narrationum
1290 793 1364 834 mea-

288 906 358 948 rum
380 886 546 965 fragmenta
564 885 724 963 nonnulla,
752 879 849 967 qualia
869 879 1025 944 invenerat
1051 873 1146 939 edidit
1165 874 1365 939 Parisiensibus

289 987 378 1072 typis
421 1002 527 1051 rerum
553 996 583 1049 et
599 985 677 1077 ‘ipse
702 981 888 1071 praeterivit,
918 979 1025 1042 merito
1048 976 1213 1041 deuectam
1235 978 1366 1062 interpre-

291 1086 374 1150 tandi
393 1107 534 1174 operam,
564 1087 598 1149 in
616 1097 680 1149 tam
700 1095 853 1169 corrupto,
880 1084 967 1167 quale
988 1090 1091 1143 namus
1111 1091 1188 1156 erat,
1218 1076 1367 1162 exemplari

291 1189 391 1275 utique
413 1186 608 1276 perdendam.
648 1185 789 1273 equidem
810 1181 985 1264 (latendum
999 1182 1082 1244 enim
1094 1181 1159 1262 est)
1180 1180 1273 1266 peiuri
1288 1183 1367 1258 longe

220 1320 225 1325 ·
301 1310 360 1354 oco
381 1310 464 1353 mam
484 1311 576 1376 quam
595 1293 768 1355 inmoratus
786 1288 826 1349 ab
842 1284 1082 1348 Hiericuntinum
1100 1284 1157 1345 iter
1175 1282 1368 1346 obsidentibus

291 1389 405 1456 sicaris
433 1391 546 1472 viator,
574 1392 626 1456 ille
653 1387 802 1477 siquidem
821 1398 982 1472 utcumque
1002 1388 1158 1450 confossus
1178 1385 1304 1471 spirabat
1321 1381 1370 1446 ad·

292 1493 354 1555 buc
383 1503 500 1574 umen,
532 1515 590 1576 ego
617 1493 751 1556 anienem
777 1491 989 1554 exhalaveram
1008 1509 1098 1552 sensu
1116 1489 1205 1574 plane
1227 1504 1369 1550 cassusne

293 1593 415 1679 spiritu,
453 1616 517 1658 non
549 1594 648 1659 minus
680 1614 772 1680 qnam
799 1591 851 1654 ille
878 1601 1062 1653 memoratus
1084 1589 1118 1651 in
1142 1589 1225 1652 libris
1251 1586 1370 1670 Regum,

294 1716 386 1780 quem
406 1695 456 1781 qui
481 1696 632 1759 hnmatnri
662 1695 811 1771 exierant,
839 1690 1014 1755 instantium
1041 1694 1272 1755 latmncolonrm
1297 1700 1370 1753 metu

293 1796 467 1860 festinantes
493 1797 525 1857 in
552 1798 723 1880 sepulcrum
748 1793 861 1857 Elisaei
887 1793 1091 1868 coniecenmt,
1122 1814 1191 1856 casn
1211 1794 1269 1879 ipsi
1287 1796 1372 1856 lurtu-

294 1908 383 1963 nato:
409 1896 521 1960 etenim
541 1907 679 1959 contactu
699 1896 814 1959 ossium
833 1896 998 1980 prophetae
1017 1894 1125 1958 revixit
1143 1898 1287 1959 mortuus.
1324 1913 1371 1980 por

294 1999 374 2068 mibi
393 1997 519 2060 felicitas
540 2018 580 2059 ex
599 1995 648 2060 Te
668 1997 802 2078 contigit.
845 2018 881 2061 os
900 2008 986 2060 tuom
1006 2008 1037 2059 et
1057 2018 1125 2060 caro
1145 2009 1213 2075 tua,
1240 1996 1373 2059 Eminen-

295 2096 429 2163 tissimus
449 2097 646 2163 Fnancrscna
667 2098 830 2165 Cardinalis
849 2096 1075 2176 Bannsnrnus,
1095 2084 1147 2160 me
1167 2100 1374 2161 conclamatum

298 2193 471 2288 depositum
491 2201 663 2265 exanimem
684 2200 827 2285 colligens
846 2191 955 2264 t'ollens
979 2202 1176 2286 amplectens,
1204 2199 1325 2263 tandem
1346 2209 1375 2260 ut

298 2301 436 2369 viverem
456 2303 570 2385 effecit,
596 2306 655 2372 tuis
679 2305 791 2375 scilicet
810 2305 971 2369 obsecutus
991 2300 1071 2366 rotis
1093 2314 1124 2365 et
1143 2302 1305 2369 mandatis:
1332 2299 1376 2364 Tu

298 2403 383 2467 enim
414 2408 586 2492 exemplum
613 2408 676 2472 mei
701 2407 799 2492 operis
822 2404 981 2487 ‘integrum
1006 2405 1180 2470 accersitum
1206 2426 1226 2469 e
1256 2403 1377 2493 quodam
1447 2430 1448 2483 ;

207 2508 216 2533 ⁸
298 2499 411 2586 ‘anguto
439 2503 582 2573 Graeciae
608 2508 686 2583 illiue
712 2507 785 2572 fidei
811 2508 918 2575 vivens
948 2507 1154 2588 commiseras,
1190 2507 1312 2570 hortans
1335 2504 1378 2567 in·

299 2617 440 2692 stansque
458 2620 493 2671 ut
512 2608 664 2676 edendum
684 2610 843 2697 aliquando
865 2619 986 2674 cureret
1017 2608 1050 2671 in
1070 2610 1130 2671 boc
1149 2609 1201 2671 ille
1220 2608 1295 2671 nulli
1312 2626 1378 2692 ope-

299 2728 352 2776 rae
374 2711 556 2779 contentioni
569 2711 701 2797 sumptui
715 2713 856 2799 pepercit.
886 2713 968 2776 misit
988 2710 1049 2791 egit
1068 2710 1166 2775 morit
1184 2712 1279 2773 multa
1297 2710 1378 2787 longo

300 2820 455 2898 tempore,
482 2811 583 2900 quoad
607 2816 832 2897 longanimitate
851 2824 940 2900 atque
960 2811 1075 2877 efficaci
1094 2814 1312 2900 perseverantia
1330 2812 1379 2874 ob-

301 2915 421 2986 staculis
445 2916 591 3002 perruptis
620 2918 713 3006 optati
734 2937 878 3006 compos,
907 2914 984 2982 mihi
1003 2912 1143 2979 derelicto
1163 2927 1253 3000 atque
1273 2915 1380 2978 abiecto

297 3036 387 3084 verns
415 3020 569 3085 beneficus
597 3017 800 3086 Samaritanus
827 3015 988 3106 sospitator
1007 3016 1112 3079 extitit.
1151 3017 1202 3080 ille
1222 3019 1317 3082 bomo
1336 3034 1381 3077 me

301 3119 451 3185 sublatum
478 3142 514 3183 ac
536 3125 675 3211 pulvere,
702 3121 753 3187 isti
772 3141 791 3185 a
811 3140 871 3205 quo
892 3140 962 3182 snm
981 3118 1124 3182 latinitate
1145 3116 1272 3185 donatus
1298 3121 1382 3187 inter-

301 3218 380 3311 preti
398 3221 481 3288 vetut
500 3225 659 3287 stabulario
681 3219 943 3296 commendatum,
964 3219 1092 3286 denariis
1105 3223 1199 3285 multo
1212 3225 1383 3315 ultraquam

303 3318 423 3389 duobus
439 3319 643 3408 descriptionis
664 3337 694 3387 et
714 3323 883 3391 excusionis
904 3325 942 3388 ab
964 3324 1194 3387 amanuensibus
1215 3345 1251 3387 ac
1272 3325 1386 3387 chalco·

304 3422 425 3511 graphia
445 3424 611 3488 necessaria
632 3424 709 3491 mihi
729 3422 881 3505 vulgando
904 3446 994 3511 opera
1014 3423 1186 3512 redempta,
1207 3436 1271 3488 tum
1294 3435 1385 3487 caete-

303 3524 346 3594 ris
367 3524 507 3593 omnibus
526 3524 558 3588 in
579 3527 679 3593 lucem
700 3524 871 3606 emergendi
890 3525 1031 3592 subsidiis
1051 3550 1113 3591 non
1133 3528 1275 3593 munifice
1293 3530 1386 3591 sotum

303 3624 360 3697 sed
381 3626 539 3708 magnifice
562 3628 653 3691 etiam
671 3628 860 3707 instructum,
887 3628 920 3691 in
944 3630 1026 3691 hunc
1052 3630 1197 3695 literariae
1217 3626 1386 3694 celebritatis

303 3728 463 3799 meridiem
493 3729 631 3816 protulit,
659 3731 712 3793 nbi
732 3736 802 3798 mea
821 3730 960 3810 historia,
988 3741 1130 3817 tanquam
1148 3733 1199 3794 illa
1219 3728 1387 3799 Memnonis

303 3841 423 3912 tttatua,¹
442 3831 551 3899 insueti
578 3832 636 3897 sibi
655 3833 729 3897 solis
753 3853 893 3919 percussa
913 3852 993 3895 nunc
1012 3834 1144 3918 primum
1164 3832 1272 3912 radiis,
1293 3851 1389 3898 erum-

304 3942 357 4025 pat
376 3933 408 3996 in
427 3956 520 4005 voces
540 3934 708 4001 immortale
729 3933 831 4001 Tuum
851 3956 886 3997 ac
906 3933 1056 4014 Tuorum,
1078 3933 1293 4001 Sincrrssnnr
1311 3935 1390 3998 Por-

306 4057 415 4114 um,
436 4037 469 4100 in
489 4059 540 4105 me
560 4059 595 4103 ac
614 4060 681 4107 rem
699 4038 859 4107 literariam
886 4035 1027 4104 meritum
1048 4039 1121 4103 orbe
1140 4040 1200 4103 late
1221 4046 1289 4104 toto
1309 4054 1392 4124 prae-

304 4132 463 4206 dicandas.

759 4308 957 4326 v-——········‘·
