3046 4838
353 252 410 319 DE
434 251 640 320 alcmana
660 253 943 325 runautouo
969 256 1005 323 L·
1031 256 1089 325 vl.
1181 255 1278 330 ·463

192 421 337 507 βασιλέως
358 418 543 508 ἀποσχόντες
563 422 744 508 ἀπαχθῆναι
764 423 843 509 πράς
860 422 965 492 πάπαν
982 422 1025 502 ῶς
1040 425 1079 492 τά
1095 427 1146 491 καλ
1160 427 1199 494 cd
1213 454 1278 496 nra-

190 523 318 609 σάμενοι.
354 529 405 592 καλ
422 530 622 612 παρεάέάοντο
639 527 783 612 πρέσβεσι
795 529 846 593 καὶ
860 525 1022 613 ἀπήγοντο.
1057 534 1102 617 τῷ
1118 531 1153 595 δὲ
1165 538 1278 597 τοσοῦ-

188 655 239 695 τον
261 626 397 709 κολάζειν
413 630 555 714 ἐμέλησεν
563 680 573 711 ,
603 629 680 696 ῶστε
693 631 744 696 καλ
758 631 980 709 έποικτέζεσθειι
997 634 1023 698 εἰ
1038 633 1205 717 ἐκκλησιῶν
1219 659 1277 715 με·

185 728 285 817 κάλων
309 730 412 819 εἰρήνῃ
434 733 575 814 έμποάῶν
596 734 748 799 ἵστανται.
801 734 852 797 καλ
876 733 955 814 μεθ’
976 731 1158 821 ἱλαρότητος
1176 733 1279 820 πάσης

164 842 230 924 5τῷ
243 842 368 917 βασιλεῖ
380 834 608 916 ἀντεπέμποντο
616 884 627 915 ,
653 835 812 911 ἀξιοῦντος
829 841 885 901 τοῦ
900 832 988 902 πάπα
1006 840 1055 901 καὶ
1070 839 1200 919 βασιλέα
1222 839 1277 905 ἀν-

184 936 325 1021 θρώποις
340 940 467 1005 δοκοῦσι
485 944 540 1003 τοῦ
563 936 725 1024 ἀσφαλοῦς
741 936 923 1020 ἀντέχεσθαι
941 936 1013 1005 κατ’
1030 937 1190 1022 εὐλάβειαν
1207 942 1275 1008 iic·
1292 952 1315 1004 B

184 1048 247 1128 ρῶς
264 1044 313 1107 καλ
329 1041 423 1107 αάτὸν
436 1039 678 1128 προσφέρεσθαι
723 1033 768 1122 ’ἦν
783 1032 838 1105 οάν
852 1037 966 1123 ὁμοίως
980 1042 1030 1105 καὶ
1046 1041 1085 1106 rai
1100 1049 1162 1109 τῶν
1176 1069 1277 1128 γραμ-

183 1141 293 1231 μάτων
315 1145 433 1210 έκεένων
456 1140 633 1211 conruunt
641 1191 652 1223 ,
678 1141 778 1219 άλλως
791 1140 952 1229 προβάσης
967 1140 1010 1219 ὥς
1025 1145 1157 1222 πολλοὺς
1170 1147 1280 1213 sidiam

185 1253 242 1328 τῆς
263 1243 458 1332 έκκηράξεεος.
510 1246 611 1331 lurida}
633 1243 692 1330 γάρ
714 1271 793 1322 τινες
813 1253 875 1312 τῶν
896 1251 1045 1332 περιττῶν
1062 1249 1113 1312 καὶ
1134 1243 1277 1330 εάκάλων,

143 1364 178 1418 10
185 1347 233 1426 οἷς
251 1350 322 1417 οὐδ’
339 1344 429 1434 ἦντὸ
447 1346 596 1437 παράπαν
614 1348 722 1415 εἰδέναι
745 1347 785 1414 τά
802 1355 857 1430 τῆς
874 1351 1034 1435 έκκλησέας
1057 1356 1120 1417 τῶν
1142 1351 1277 1433 Ἰταλῶν,

183 1452 257 1521 οάτε
272 1454 334 1538 μὴν
350 1455 402 1518 καλ
420 1452 539 1529 ἀξιοῦσι
555 1452 700 1531 ξυνιέναι,
727 1448 769 1527 ῶς
793 1448 888 1517 πάλαι
910 1455 985 1519 ποτέ
999 1446 1079 1537 ἦσαν
1095 1452 1127 1519 ἔν
1143 1452 1277 1541 πράτοις

182 1553 334 1639 ἡνωμέναι
354 1561 416 1621 τῶν
437 1554 539 1620 ἀλλων
560 1554 651 1618 πλέον
656 1602 668 1631 ,
696 1552 753 1619 κάν
774 1579 804 1619 τι
819 1555 974 1638 συμπεσὸν
991 1555 1142 1638 παρέλυσε
1155 1558 1209 1624 τάν
1223 1563 1315 1624 (λε-(1

182 1656 266 1742 σμάν
274 1707 285 1737 ,
311 1654 397 1738 ὅμως
413 1657 446 1721 di
459 1652 550 1722 πάλιν
565 1654 817 1741 ἀπαράθραοστα
838 1657 980 1740 μένουσιν
996 1656 1067 1742 ἡμῖν
1080 1684 1113 1725 τε
1129 1659 1275 1738 κάκεένοις

181 1761 225 1825 τά
244 1767 301 1827 τοῦ
323 1765 557 1843 χρισεεανισμοῦ
578 1757 751 1845 μυστήρια,
777 1757 819 1836 ῶς
833 1761 929 1844 μηδὲν
942 1772 1145 1847 παρεγχειρεῖν
1157 1769 1275 1846 τολμῶν

136 1861 272 1939 15τινάς
293 1863 344 1927 ἐπέ
362 1886 395 1926 τε
421 1867 555 1951 τιλισμῶ
576 1865 791 1946 βαπτέσματος
816 1866 866 1929 καλ
889 1862 1037 1951 ἱερωσύνῃ
1053 1867 1105 1929 καλ
1120 1861 1209 1954 γάμῳ
1224 1870 1275 1932 καλ

179 1969 336 2051 μοναχικῇ
351 1960 534 2031 καταστάσει
548 1968 598 2031 καλ
613 1976 679 2042 τοϊς
699 1974 815 2043 λοιποῖς
828 1963 875 2042 οἷς
889 1964 951 2052 ἀρα
965 1970 1014 2033 καλ
1027 1965 1045 2052 ἡ
1058 1967 1211 2054 audoinus}
1225 1972 1274 2037 καλ
1354 2030 1358 2037 .

152 2121 158 2128 .
179 2069 244 2152 μέα
260 2069 402 2150 έκιιλησέο
418 2067 492 2145 τοάς
509 2066 605 2149 αὐτῆς
618 2069 747 2135 ἐπιτελεῖ
757 2071 945 2156 τροφέμους,
978 2069 1050 2135 ἀλλ’
1067 2067 1169 2155 ῶσπερ
1186 2069 1225 2138 ἀν
1241 2072 1274 2138 is

180 2170 281 2257 δρυὸς
294 2169 313 2256 ἢ
330 2170 391 2237 ἀπὸ
407 2170 520 2256 πέτρης
538 2169 674 2258 ἀρχῆθεν
686 2164 784 2255 ἦσαν,
810 2173 906 2257 μηδέν
921 2177 984 2262 τῶν
998 2183 1063 2250 τοϊς
1075 2177 1276 2259 Χριστιανοῖς
1364 2190 1365 2194 ’

174 2440 258 2512 plauc
274 2455 306 2492 sc
321 2437 405 2508 palam
422 2456 451 2491 se
466 2438 592 2492 abscissos
606 2439 639 2492 ab
656 2437 765 2492 ecclesia
781 2437 916 2505 ferebant,
941 2438 1053 2494 damnati
1070 2440 1104 2493 ab
1120 2440 1273 2511 inperatore

171 2528 209 2565 ac
227 2506 309 2561 dediti
328 2524 409 2577 papae
426 2515 502 2574 sunt,
519 2509 640 2576 gravibus
657 2508 690 2561 ab
706 2525 737 2561 eu
753 2506 874 2561 videlicet
889 2508 1011 2563 multandi
1029 2509 1131 2578 poenis3
1149 2512 1181 2565 ad
1198 2513 1275 2582 idque

171 2576 372 2633 avertentibus
388 2577 492 2630 Romam
509 2576 599 2629 traditi
616 2576 725 2645 legatis,
750 2576 894 2630 eudemum
911 2578 1037 2648 perducti.
1071 2595 1159 2632 verum
1175 2588 1275 2635 tantuna

171 2647 266 2703 abfuit
287 2653 318 2697 ut
340 2645 377 2697 sis
402 2646 516 2714 pontifex
539 2645 616 2698 ulium
640 2645 788 2716 supplicium
815 2646 980 2710 decerneret,
1008 2655 1038 2700 ut
1054 2647 1122 2701 ultro
1139 2649 1275 2704 miseratus

169 2716 253 2787 ipaoa
269 2713 321 2780 ait,
338 2714 406 2783 quod
422 2713 547 2767 invidiosa
563 2713 707 2784 suspicione
721 2723 904 2783 ρετνεσειιισι,
920 2715 995 2785 quasi
1010 2717 1113 2770 obstare
1131 2718 1226 2770 vellant
1242 2734 1275 2771 ue

169 2785 250 2839 iuter
272 2799 376 2851 magnas
397 2781 518 2836 eudesius
561 2798 594 2836 ax
617 2783 783 2837 stabiliretur.
816 2784 903 2853 itaquo
926 2802 982 2838 cana
1004 2785 1070 2838 omni
1091 2784 1275 2852 significatione

171 2851 373 2909 benevolentiae
393 2851 492 2905 remini
519 2800 560 2904 τά
575 2850 768 2921 imperatorem,
794 2852 870 2905 etiarn
894 2852 1110 2906 commendatitias
1125 2870 1142 2904 a
1159 2870 1227 2921 papa
1249 2854 1274 2906 ei

170 2922 362 2983 reddiderunt,
390 2919 484 2991 quibas
506 2920 549 2973 iile
572 2922 711 2989 rogabatur
727 2926 757 2974 ut
773 2921 883 2973 homines
900 2921 955 2973 sius
972 2938 1050 2974 causa
1071 2925 1219 2988 suspectos,
1248 2928 1275 2975 et

172 2992 223 3063 qai
248 2990 396 3043 viderentur
418 2995 515 3042 rectam
540 2997 567 3042 et
589 3006 704 3043 weuram
720 2989 850 3057 religionis
866 2988 931 3042 riam
947 2988 1082 3054 insistere,
1110 2988 1202 3041 blanda
1217 2989 1275 3060 ipsa

171 3076 282 3132 quoque
304 3076 335 3111 ac
358 3058 501 3112 humaniter
526 3057 657 3127 exciperet
672 3058 739 3127 apud
756 3075 834 3127 seque
850 3058 967 3110 baberet.
1003 3065 1032 3110 ut
1049 3057 1114 3109 baec
1136 3074 1213 3125 porro
1230 3076 1273 3112 aa·

170 3126 321 3183 scutatorie
344 3127 488 3193 agebantur
512 3135 539 3179 et
562 3126 737 3180 scribebantur
762 3143 793 3180 ea
816 3134 891 3194 parte
908 3124 1071 3189 Latinarum,
1098 3124 1137 3177 sic
1153 3134 1227 3180 erant
1245 3133 1273 3182 et

171 3199 255 3262 illae,
272 3212 337 3267 quas
353 3196 421 3260 dixi,
437 3214 454 3249 a
471 3195 565 3248 nostris
580 3195 613 3247 ad
630 3212 722 3313 papam
739 3194 814 3247 datae
831 3193 921 3246 iiteras
937 3210 987 3246 nou
1002 3200 1121 3275 expertes
1137 3194 1272 3250 mutiunt

171 3266 252 3328 tuci,
277 3264 430 3333 profitentes
448 3264 565 3318 videlicet
580 3281 628 3317 aec
643 3264 719 3316 ulurn
735 3263 787 3317 iarn
803 3263 907 3331 agnosci
923 3260 968 3331 qui
985 3261 1089 3316 Latinos
1112 3272 1158 3316 ant
1173 3264 1207 3318 iis
1223 3266 1272 3319 ad-

172 3336 317 3386 haerentes
333 3350 380 3402 pro
395 3332 617 3387 excommunicatis
634 3332 757 3396 baberet,
784 3338 811 3384 et
827 3330 849 3384 si
868 3331 926 3401 qais
942 3329 969 3383 in
985 3338 1113 3399 posterum
1132 3332 1158 3386 id
1176 3335 1271 3387 audere

164 3401 360 3467 detegeretur,
387 3403 453 3456 baad
478 3401 581 3471 impune
604 3401 729 3466 tatarum,
756 3417 812 3453 cau
834 3404 918 3453 tamen
934 3398 1019 3452 multia
1035 3407 1120 3453 notum
1136 3410 1206 3456 esset
1221 3418 1271 3457 noa

175 3468 274 3522 deesse
298 3468 343 3536 qui
364 3469 401 3521 ita
425 3471 549 3524 mutirent
565 3477 593 3523 et
609 3469 692 3539 palam
707 3469 842 3523 anathema
866 3466 979 3521 dicerent
996 3469 1205 3538 amplectentibus
1224 3488 1273 3542 ps-

175 3553 248 3591 ceru.
282 3542 357 3588 erant
381 3538 406 3590 bi
428 3556 620 3609 aupervacauee
636 3538 727 3593 morosi
745 3538 847 3609 qnidam
864 3544 891 3589 et
907 3537 1023 3593 delicatis
1044 3540 1215 3607 superstitioni
1231 3542 1274 3594 ta-

174 3605 281 3665 atidiis,
303 3605 347 3686 qui
364 3622 420 3657 cam
436 3613 464 3660 et
479 3608 594 3660 funditus
608 3609 757 3676 ignorarent
772 3612 799 3661 ct
814 3606 913 3660 discere
928 3623 978 3659 nou
995 3615 1116 3661 curarent
1131 3624 1174 3662 res
1191 3608 1275 3663 accle-

173 3672 239 3729 siae
262 3672 427 3739 Leucorum,
454 3683 484 3729 ut
504 3676 624 3729 videficet
647 3694 703 3730 curn
725 3676 759 3730 iis
783 3675 842 3729 olim
864 3674 891 3727 iu
915 3676 1074 3744 dogmatibus
1095 3677 1276 3748 mysteriisque

174 3738 1274 3883 tt‘dtttit'dtttffldtttttitii?taduttttutttdttutt

174 3897 237 3935 aum
255 3886 335 3945 esset,
352 3888 436 3932 nuncu
453 3880 528 3934 stiam
579 3889 634 3936 stea
647 3880 768 3936 inriolits
784 3881 951 3952 permanserit
966 3881 1085 3950 utrinque
1099 3880 1230 3934 consensio
1247 3880 1274 3933 iu

173 3949 234 4021 fide
250 3965 282 4000 ac
299 3964 347 4001 usu
363 3948 510 4017 capitalium
527 3900 713 4005 ebusitanam
729 3955 949 4013 maameaturam,
965 3949 1003 4003 its
1019 3956 1049 4000 ut
1064 3948 1182 4001 neutrubi
1199 3946 1276 4029 quid·

173 4035 257 4088 quam
283 4024 382 4070 temere
407 4022 558 4072 attentatam
581 4019 682 4088 publico
705 4020 810 4074 consilio
833 4018 911 4072 fuerit
927 4016 997 4071 circa
1012 4016 1087 4068 ritum
1104 4015 1275 4084 beptismatu‚

173 4085 374 4152 sacerdotium¹
386 4085 587 4149 matrimonium,
603 4089 768 4143 mouuticaru
784 4094 896 4149 statura.
923 4093 951 4141 et
966 4084 1066 4152 retiqua
1082 4082 1203 4150 mysteria
1219 4083 1276 4151 qni-

172 4157 229 4210 bas
245 4173 297 4211 uua
314 4162 341 4208 et
357 4154 483 4209 catholica
499 4154 607 4208 ecclesia
623 4172 683 4210 suos
699 4157 813 4211 alumnus
835 4154 938 4207 initiare
963 4150 1100 4209 consucvit-
1134 4165 1213 4213 mmo
1235 4148 1278 4204 in·

174 4240 273 4296 quam,
300 4222 328 4278 bi
353 4240 404 4279 nou
427 4223 511 4295 τιαρὶι
532 4223 621 4279 borum
643 4224 782 4297 quidquam
804 4221 915 4295 quaein
932 4217 1135 4275 fflhtisuoram
1149 4214 1202 4277 iam
1218 4217 1278 4283 alim
