2992 4840
247 314 321 388 238
552 311 727 383 Gnoson
760 310 1026 381 anemurum

245 486 330 578 αότηῖ
343 484 384 552 τό
399 480 499 552 πόντα
521 486 572 551 καλ
594 485 709 563 αότοός
731 479 913 554 κινδυνεόειν
921 536 933 568 ,
958 485 990 551 oi
1004 483 1038 552 όί
1054 483 1108 552 τόν
1124 482 1158 550 is
1174 488 1229 551 τοό
1240 491 1337 570 βατι-

243 590 319 668 λίονς
330 588 512 656 ἀντετίθαυν
528 585 647 677 φόβαν,
673 591 726 655 καί
747 586 790 667 ὥς
808 586 1018 674 όπομονητίον
1036 585 1150 674 ἔλεγον·
1177 584 1256 673 τόχο
1272 590 1335 678 γὰρ

242 692 383 760 κάκεῖθεν
396 698 641 779 προσαποστελεῖ
649 687 780 775 δύναμιν
797 691 960 783 (μηδὲγὰρ
974 687 1133 776 ἀμελήσειν
1147 687 1248 759 τόσων
1257 718 1339 779 χρη.

206 791 368 882 υμότων)
392 798 443 862 καί
465 790 699 881 προσβαηθῆσει
718 794 769 862 dod
784 791 951 881 θαλάσσης
969 796 1021 860 καί
1037 792 1110 880 ἢμῖν
1124 795 1343 878 ίπομυνεΐτόν

244 901 396 966 κίνδυνον.
445 900 473 964 εί
493 897 526 964 d’
552 890 626 980 οὖν,
652 896 732 963 ἀλλὰ
752 898 811 983 την
834 906 892 965 τοῦ
913 896 1048 965 σουλτόν
1069 898 1206 987 κεφαλὴν
1225 897 1373 966 οἴκατε-6

244 998 362 1086 μόντας
380 999 438 1079 ἕξοι
457 1006 514 1066 τοῦ
537 1001 656 1084 τείχους
674 1010 741 1078 τοῖς
762 1003 887 1089 ἐχθροῖς
908 1001 1040 1089 ῥιπτεῖν,
1067 999 1144 1085 ὧςῆ
1165 998 1346 1088 καραδοκή-

244 1129 336 1171 σειοιν
355 1102 542 1190 ἀποχωρεῖν,
569 1102 589 1187 ἢ
610 1102 810 1191 όρμηθίντοιν
835 1100 1009 1188 aniversae
1033 1100 1116 1190 ἡμᾶς
1136 1104 1266 1188 ἀντίχειν
1281 1104 1344 1181 ἕως

246 1202 389 1274 θανότου
398 1256 408 1286 ,
435 1210 486 1272 καί
501 1204 520 1290 ἢ
535 1211 613 1273 θεοῦ
628 1232 688 1273 που
708 1208 852 1301 συνεργία
866 1207 1076 1294 περιγενίσθαι
1096 1207 1117 1294 ἢ
1133 1209 1250 1274 πίπτειν
1262 1204 1345 1294 όπὲρ

245 1316 302 1395 τῆς
321 1313 364 1386 είς
386 1307 516 1393 βασιλέα
538 1311 679 1387 πίστεως.
728 1318 831 1378 ταῦτα
849 1310 1081 1395 βουλευομένων
1104 1307 1223 1396 ἐκρότει
1243 1307 1343 1395 μένῆ

249 1411 377 1498 δευτέρα
400 1407 518 1497 βουλή,
546 1422 702 1499 καρτερεῖν
720 1416 772 1479 καί
792 1414 836 1481 ἔτι
855 1415 1069 1500 ἓκόεχομίνους
1086 1412 1256 1499 βοήθειαν,
1288 1417 1392 1479 enisu

210 1526 237 1581 ll
253 1526 318 1594 τοῖς
330 1517 388 1600 μὲν
401 1515 459 1595 ἔξω
479 1514 616 1600 ἀναρτᾶν
635 1518 761 1594 ἐλπίδας
782 1515 825 1595 ὧς
840 1518 1075 1600 ἔκδιοσείοντας,
1102 1516 1217 1596 αότοός
1235 1519 1271 1583 δὲ
1283 1517 1347 1601 μί-

247 1644 358 1697 νοντας
371 1612 404 1685 εὖ
419 1617 459 1685 τό
472 1619 551 1685 κατὰ
566 1625 650 1707 σφᾶς
664 1617 707 1698 ὥς
727 1616 839 1689 οἷόντε
860 1624 1029 1703 τίθεσθαι,
1053 1619 1095 1697 ὥς
1115 1621 1346 1703 όνόεξομίνους

248 1722 302 1812 ἐφ’
317 1720 392 1790 ὅσον
406 1723 539 1807 παρείκει
551 1726 601 1788 καί
617 1723 662 1807 με)
677 1725 829 1810 βοηθείας
840 1727 996 1812 φανείσης.
1049 1728 1076 1790 εί
1091 1725 1125 1791 li
1141 1718 1344 1790 credundum

248 1823 386 1895 πλεόνων
404 1821 629 1911 ἐπιβρισάντων
647 1832 710 1891 τῶν
729 1833 889 1911 χαλεπῶν,
914 1826 1050 1916 κεφαλὴν
1062 1829 1120 1912 μὲν
1132 1833 1190 1893 τοῦ
1207 1824 1344 1893 σουλτόικ

246 1926 326 2017 μήτ’
343 1925 497 1995 ἐκκόπτειν
509 1925 587 2014 μήτε
602 1929 732 2016 ῥιπτεῖν·
758 1929 946 2019 παραβόλων
958 1931 1018 2017 γὰρ
1031 1931 1154 2018 ἀνδρῶν
1170 1933 1220 1995 καί
1237 1937 1338 1996 iuss-
1349 1940 1389 1993 15

246 2032 372 2101 τόντιον
392 2032 428 2098 τό
451 2027 597 2116 τόλμημα
618 2029 712 2113 εἶναι,
750 2034 787 2099 τό
809 2034 842 2105 d’
866 2037 899 2100 is
919 2036 1068 2111 σπονδαῖς
1092 2030 1273 2101 ἀποδιδόναι
1282 2038 1340 2099 τοῦ

246 2133 402 2217 σιόζεσόαι
414 2133 455 2200 τὰ
468 2139 560 2201 λοιπὰ
575 2131 726 2219 aristoditos
740 2137 828 2223 ληγός
842 2138 998 2223 προνοίας.
1032 2134 1155 2213 τοότοις
1169 2161 1344 2223 συμκροτη·

246 2240 354 2317 alirn
367 2248 432 2314 τοῖς
445 2234 546 2323 λόγοις
558 2236 708 2321 πίμπουσι
729 2240 787 2325 τὴν
800 2242 946 2326 ταχίστην
960 2244 1010 2306 καὶ
1031 2238 1249 2325 ὑπισχνοῦνται
1262 2246 1346 2321 βοα-

141 2357 164 2411 l’
182 2357 232 2415 1⁵8
249 2340 454 2422 λευσσμίνους
476 2340 530 2429 ἔφ’
557 2340 661 2409 ἱκανόν
680 2340 814 2421 ἐξανόειν
837 2341 896 2412 ότι
912 2346 1037 2429 ζητοῖεν.
1090 2346 1141 2411 καί
1156 2335 1194 2429 ἦν
1205 2343 1262 2427 μίν
1280 2342 1346 2408 αὖ·

246 2556 531 2696 itamcill
541 2531 1058 2696 iia·÷t··²„ur⁰n³.miui
1074 2555 1348 2694 mitium:

248 2697 343 2752 auxilio
367 2703 501 2749 venturust
530 2713 579 2747 nou
602 2694 669 2748 euim
686 2644 875 2765 Ριόερίοοίιιτόόιιι
903 2701 1051 2768 prudentem
1076 2699 1213 2770 principem
1240 2703 1348 2748 tantm

247 2783 318 2822 suam
335 2765 467 2836 pecuniam
491 2780 613 2833 sonora,
638 2764 715 2818 missa
736 2773 840 2820 strenua
864 2767 946 2821 classe
962 2786 1029 2840 qnae
1050 2776 1153 2836 patente
1168 2764 1231 2819 mari
1248 2764 1350 2818 anxiis

248 2843 366 2907 portaret
390 2833 517 2887 obsidioni
539 2833 678 2887 solvendae
700 2834 848 2889 suffectura.
881 2837 908 2889 id
925 2838 968 2891 vel
991 2839 1013 2891 si
1030 2837 1145 2901 deleret,
1162 2851 1270 2890 masere
1285 2850 1350 2887 sese

249 2905 390 2959 abscissum
407 2903 521 2956 enitaris
537 2910 615 2972 caput
632 2904 665 2957 ad
682 2904 770 2958 hostes
786 2923 802 2958 e
816 2922 888 2959 muro
905 2924 1016 2978 superne
1029 2906 1191 2960 iactantiam:
1215 2909 1261 2958 ant
1276 2904 1346 2957 eain

248 2991 313 3046 quos
329 2974 366 3026 ibi
382 2973 534 3026 detinuisset
549 2978 655 3026 eatenus
671 2974 765 3043 cupida
781 2975 925 3045 expectatio
941 2977 1082 3047 recipiendi
1096 2974 1227 3039 Sullanis,
1250 2972 1346 3043 despe-

248 3052 305 3098 rato
322 3042 373 3096 iam
397 3043 453 3097 eius
478 3041 535 3095 voti
558 3041 653 3096 effectu
675 3043 802 3096 recessuri
825 3044 957 3098 confestim
974 3054 1063 3108 arants
1086 3044 1157 3098 euti
1190 3045 1213 3095 is
1234 3041 1346 3094 irritatis

248 3113 325 3167 amici
341 3113 419 3166 caede
436 3119 463 3164 et
478 3110 581 3164 suerius
597 3111 624 3165 iu
643 3128 689 3165 nos
707 3112 740 3166 ad
757 3112 875 3166 ultionem
893 3115 1062 3183 expetendam
1078 3113 1161 3167 ruenti
1179 3129 1224 3175 us,
1239 3109 1346 3181 optabi-

246 3181 298 3235 lem
313 3181 387 3234 nobis
403 3182 557 3234 occasionem
574 3179 662 3236 datum
677 3179 710 3234 iri
732 3181 774 3234 rel
795 3182 855 3234 fidei
880 3200 944 3251 erga
958 3183 1136 3253 imperatorem
1153 3189 1254 3236 nostrse
1268 3178 1344 3231 obita

248 3268 297 3321 pro
313 3267 345 3302 eo
371 3250 507 3319 pugnando
529 3258 612 3302 morte
634 3251 819 3319 obsignatione,
842 3251 883 3304 vel
905 3252 1051 3321 gloriosae,
1077 3253 1181 3305 sideus
1202 3246 1344 3312 adiuverit,

246 3315 379 3372 victuriae.
413 3317 477 3371 talis
492 3317 537 3370 ubi
556 3319 710 3373 altercantes
725 3318 853 3390 utrimque
869 3321 1015 3392 aliquandiu
1030 3323 1167 3386 iactarunl,
1183 3316 1264 3371 madia
1277 3324 1344 3369 tau·

247 3387 306 3439 dem
318 3386 450 3438 annuntia
462 3387 615 3456 praevaluit,
632 3389 773 3442 decernens
788 3392 1000 3460 perseverandum
1017 3392 1101 3444 adbuc
1116 3393 1144 3443 et
1159 3386 1345 3458 expectandae

246 3454 370 3508 auxilium
386 3454 554 3523 imperatoris,
572 3472 618 3510 nec
633 3464 719 3511 tamen
754 3458 811 3511 leue
827 3460 1021 3528 praecidendam
1032 3460 1100 3513 boeti
1112 3457 1249 3512 deditionis
1261 3471 1345 3526 spen,

247 3524 309 3593 quin
326 3540 382 3575 earn
398 3523 481 3593 potius
499 3523 614 3578 alendam
630 3526 757 3579 industria
771 3535 799 3580 et
820 3528 994 3593 simulatione,
1019 3547 1070 3600 quo
1087 3527 1138 3599 ipsi
1155 3526 1346 3597 suspendentes

246 3591 355 3653 animis,
378 3602 406 3644 et
434 3593 554 3644 extremis
578 3600 752 3663 temperantes
773 3598 905 3652 conatibus
930 3615 960 3651 ra
983 3598 1011 3652 in
1036 3601 1137 3667 longum
1160 3605 1248 3649 traete
1265 3596 1344 3647 otium

246 3660 350 3715 auxiliis
372 3667 515 3713 nostrorum
542 3662 592 3714 huo
618 3679 647 3716 so
672 3664 822 3719 admovendi
845 3669 994 3738 praebeant.
1027 3668 1105 3721 rebus
1129 3665 1232 3719 interim
1250 3662 1345 3716 nostris

246 3746 323 3800 quam
342 3729 399 3782 lieri
415 3729 511 3799 poterit
533 3732 628 3799 optime
651 3733 850 3815 providendum,
875 3744 905 3789 ut
928 3754 1003 3807 quum
1026 3735 1168 3789 diutissime
1184 3735 1344 3798 rectumne,

245 3800 366 3853 tardante
381 3798 567 3869 quantumlibet
583 3801 692 3867 sualim
710 3820 742 3857 sc
758 3804 781 3857 si
797 3805 837 3858 vis
853 3805 952 3860 interea
968 3806 1047 3860 maior
1061 3804 1199 3874 ingruerit,
1216 3816 1342 3873 nunquan

246 3881 279 3923 eo
295 3876 383 3922 tamen
399 3868 584 3922 deveniendum
600 3879 631 3924 ut
646 3879 693 3924 aut
716 3872 893 3928 abscindamus
917 3882 964 3929 aut
984 3875 1148 3945 prolieiamus
1163 3873 1281 3927 Sultams
1298 3887 1341 3923 es·

247 3944 310 4009 put:
328 3954 385 3990 nam
402 3937 427 3989 id
446 3937 546 3991 lacinus
566 3948 635 3993 esset
654 3950 749 3995 temere
773 3944 909 3997 furentium
926 3953 955 3998 et
969 3945 1060 3997 imane
1075 3943 1258 4013 desperatione
1273 3955 1343 3993 taor·

246 4015 298 4061 tem
315 4005 363 4060 sibi
386 4006 582 4072 vituperabilem
604 4011 795 4064 acoemeutium.
830 4028 897 4082 qnae
920 4030 999 4084 porro
1015 4013 1100 4084 quoad
1124 4013 1196 4065 vires
1212 4008 1345 4081 suppetie-

246 4076 301 4129 rint
317 4074 463 4129 deionderis
488 4076 604 4142 sortiter,
627 4096 674 4145 ea,
696 4080 738 4133 rel
762 4080 848 4150 potius
867 4080 989 4154 reliquias
1012 4100 1101 4137 eorum
1115 4082 1345 4148 semiconsuasptn-

246 4162 320 4211 rum,
337 4144 483 4199 defensione
497 4146 554 4215 ipsa
570 4155 683 4202 extremo
700 4149 751 4202 iarn
768 4150 913 4203 discrimine
928 4158 1036 4221 urgente
1052 4169 1099 4223 pro
1112 4152 1197 4205 salute
1213 4147 1343 4219 accepite

247 4215 358 4284 perleui,
375 4213 501 4285 sapientia
518 4215 595 4270 ulline
610 4218 788 4286 providentiae
805 4220 974 4274 coarctamini
991 4221 1057 4275 baec
1072 4222 1177 4274 decreta
1194 4219 1240 4272 ubl
1256 4230 1345 4271 omn

247 4284 451 4351 comeusisseut,
473 4286 577 4341 mittunt
597 4287 685 4342 rtatim
706 4287 752 4359 qni
776 4287 892 4343 hostibus
912 4289 1062 4361 promittant
1083 4293 1198 4345 facturos
1216 4306 1247 4343 sa
1271 4284 1347 4357 qnod
