2966 4852
428 892 664 969 remus
714 888 1012 967 possmus

309 1076 354 1179 L
436 1074 480 1180 E
568 1073 606 1182 G
693 1074 743 1181 T
825 1073 874 1184 Ο
958 1075 1007 1181 Β
1091 1075 1129 1182 l.

625 1342 829 1355 -ιι--ι-,α

179 1498 289 1635 Quod
309 1570 393 1615 nune
422 1546 564 1632 primum
591 1563 609 1605 e
630 1539 771 1607 Graeciae
796 1550 954 1628 naufragiis
979 1553 1101 1633 emergit
1120 1550 1266 1636 gemin,

176 1654 404 1736 l’achymeres,
434 1642 595 1707 historicus
622 1666 686 1707 non
704 1647 805 1710 minus
826 1649 937 1734 alioqui
956 1652 1022 1712 luce
1042 1653 1145 1730 dignus
1162 1656 1268 1716 Latina

180 1777 276 1843 quam
298 1752 388 1815 multi
409 1749 475 1811 eius
495 1747 634 1830 aequales
653 1768 690 1810 ae
709 1749 820 1834 posteri
840 1751 902 1812 iam
922 1750 1037 1837 pridem
1060 1752 1140 1837 typis
1159 1766 1189 1814 et
1204 1755 1272 1816 lite-

181 1858 227 1921 ris
256 1852 386 1934 evulgati
411 1849 604 1925 nostratibus,
636 1870 701 1911 non
728 1853 792 1912 sola
826 1850 982 1918 infelicitas
1008 1853 1063 1918 sed
1090 1856 1177 1940 culpa
1212 1855 1274 1919 eius
1297 1854 1313 1885 “

183 1955 337 2046 quaedam
362 1952 440 2017 iecit.
482 1961 609 2013 rehusus
637 1961 668 2013 et
694 1953 874 2038 antiquarius
902 1957 1040 2042 scriptor,
1072 1979 1163 2042 quem
1191 1958 1275 2043 loqui

186 2082 259 2123 cum
279 2060 368 2137 vulgo
389 2052 551 2141 quidquam
571 2053 662 2138 piget,
683 2065 834 2140 praeterea
844 2060 1002 2143 perplexus
1024 2070 1053 2121 et
1074 2060 1185 2123 hiantis
1205 2081 1288 2131 seur·
1324 2144 1326 2146 v

185 2161 294 2225 tentiae
314 2157 513 2246 compositor,
533 2165 578 2217 tot
598 2156 727 2219 tenebris
750 2178 820 2220 suas
837 2159 954 2240 vigilias
976 2162 1132 2241 obvolvit,
1151 2173 1183 2223 ut
1205 2183 1274 2223 eru-

183 2260 419 2342 ditissimorum,
439 2260 548 2345 quihus
568 2257 712 2335 innotuit,
732 2258 927 2345 interpretum
945 2282 963 2324 a
983 2262 1031 2325 sui
1051 2262 1184 2325 editione
1205 2274 1274 2326 ten-

179 2365 270 2428 tanda
300 2386 385 2428 curas
416 2372 600 2445 conatusque
627 2358 817 2443 deterruerit,
843 2362 927 2426 idem
946 2386 1051 2450 passus
1072 2364 1153 2450 quod
1174 2366 1273 2450 sepias
1379 2356 1384 2365 ’

179 2468 263 2530 aiunt
283 2478 373 2551 atque
393 2461 586 2551 torpedines,
607 2461 658 2546 qui
677 2463 776 2548 pisces
804 2464 886 2550 quod
909 2468 1003 2530 rarius
1021 2487 1192 2529 mensarum
1213 2468 1273 2529 ho-

181 2588 255 2630 nore
276 2560 451 2647 dignentur',
473 2563 590 2644 caligini
611 2585 700 2649 quam
721 2565 893 2650 offundunt,
913 2568 1027 2655 torpori
1048 2588 1138 2657 quem
1159 2568 1273 2647 afflant,

181 2668 344 2755 imputent,
366 2667 417 2729 illa
438 2664 551 2744 oculos,
570 2665 630 2727 hoc
650 2689 757 2732 manus
778 2681 808 2732 et
827 2670 949 2733 brachia
969 2671 1148 2757 piscantium
1168 2690 1187 2732 a
1206 2668 1273 2733 nisu

181 2793 273 2837 eose
295 2771 400 2836 nativo
422 2771 536 2853 gurgite
556 2770 682 2834 tollendi
701 2773 782 2834 soliti
800 2773 953 2859 repellere.

231 2952 236 2959 ·
263 2923 306 2992 Π.
325 2923 399 2988 Erat
408 2936 511 2989 tamen
529 2923 612 2989 haud
633 2906 760 2989 dubidm
779 2947 888 3011 operae
905 2925 1036 3012 pretium
1048 2924 1157 2989 incius
1171 2914 1272 3008 publi-

183 3027 302 3092 catione
325 3028 485 3106 historiae,
509 3049 586 3113 quae
608 3032 656 3090 res
675 3047 802 3107 magnas
822 3047 858 3090 ae
878 3026 1092 3090 memorabiles
1110 3047 1164 3112 per
1176 3047 1271 3092 annos

181 3132 248 3194 fere
264 3130 417 3210 octoginta
436 3130 548 3193 saeculi
562 3128 681 3193 obscuri
694 3149 730 3190 ac
742 3128 867 3190 testium
878 3128 979 3213 inopis
990 3138 1107 3208 gestas,
1127 3128 1154 3193 si
1169 3129 1272 3193 minus

183 3252 305 3319 semper
323 3230 450 3309 disertm
469 3231 577 3293 saltem
594 3227 736 3315 prudenti
757 3227 891 3308 diligenti
909 3242 1024 3293 morata
1050 3243 1080 3294 et
1098 3234 1274 3317 plerumque

186 3333 267 3398 fideli
294 3332 463 3412 narratione
490 3340 708 3416 prosequatur3
743 3350 820 3415 quae
850 3344 1018 3419 postremae
1053 3333 1137 3419 quasi
1164 3353 1273 3396 scenae

190 3431 347 3499 Orientalis
374 3433 495 3522 imperii
519 3435 576 3497 sub
604 3430 699 3519 domo
718 3432 897 3516 Palaeologo
917 3438 958 3499 ita
978 3437 1121 3522 principia
1143 3435 1276 3512 exhibet,

189 3545 225 3596 ut
243 3537 272 3599 in
290 3538 327 3600 iis
351 3557 455 3600 causas
474 3536 602 3616 tragicae
623 3538 839 3622 catastrophes,
866 3558 923 3622 qua
952 3536 1057 3603 Turris
1078 3550 1108 3601 et
1129 3534 1276 3600 Muham-
1363 3598 1367 3607 ,

189 3634 277 3699 medi
302 3637 488 3704 Constantini
513 3632 595 3717 regia
621 3640 801 3718 succubuit,
836 3637 992 3705 advertere
1019 3638 1149 3725 pmdens
1183 3639 1279 3701 lector

188 3737 361 3804 manifestas
388 3749 495 3826 queat3
524 3760 602 3823 quae
626 3740 753 3825 plurima
780 3739 870 3805 docet
895 3753 1043 3826 nusquam
1069 3742 1140 3803 alibi
1159 3748 1280 3818 notatag

189 3860 270 3925 quae
288 3859 308 3901 a
323 3834 431 3905 Niceta
458 3851 489 3905 et
507 3840 676 3926 Acropolita
702 3841 740 3905 ad
763 3842 1022 3922 Gantacuzenum,
1048 3843 1165 3907 hiatum
1185 3858 1280 3925 quen-

187 3938 265 4005 dam
284 3942 406 4026 explens
424 3943 561 4028 publicae
579 3945 761 4024 memoriae,
794 3945 876 4011 uiam
904 3945 989 4031 quasi
1009 3944 1122 4026 regiam
1141 3937 1279 4006 insternit
1364 3938 1368 3946 “

185 4043 266 4107 dhis
292 4044 376 4108 vetut
401 4043 550 4131 quadrigis
567 4047 727 4115 historicae
746 4047 893 4127 veritatis,
921 4067 981 4132 qua
1001 4056 1101 4109 nostm
1121 4058 1216 4122 usque
1236 4033 1278 4098 ad

184 4156 322 4233 tempora
347 4147 489 4234 nuspiam
507 4148 650 4212 haerente
668 4160 719 4210 aut
739 4150 864 4233 abrupta
889 4147 1035 4232 triumphi
1054 4156 1172 4228 pompa
1189 4136 1278 4199 inve·

186 4249 291 4333 hatur3
311 4266 392 4337 quae
412 4247 543 4332 danique
566 4249 722 4331 negotium
752 4248 852 4315 omnis
872 4248 942 4312 aeri
959 4244 1128 4312 maximum
1148 4249 1178 4302 et
1199 4240 1278 4301 cele-
