3036 4840
504 316 624 389 usn
664 317 941 411 eremmon
1192 320 1267 395 en

180 493 257 557 tn,
276 492 477 567 nuncupetem
494 483 585 547 inisse
601 485 730 561 selenen,
751 483 805 547 ssd
821 481 854 545 id
872 502 982 545 nomen
995 493 1145 565 presteres
1159 496 1266 551 exten-

179 590 247 630 sum
266 569 302 629 od
320 570 546 649 significendum
565 571 752 652 eliquentum
769 569 859 651 spetii
872 569 929 629 soli
942 590 978 630 eo
989 569 1154 649 perimenti
1166 573 1269 633 ecole-

179 654 240 713 siee
256 653 334 715 inter
347 657 458 716 soleem
473 664 502 714 et
515 655 616 717 locum
631 655 683 716 nbi
697 654 794 715 stobet
810 654 941 735 populus
954 654 1140 717 interiacens.
1162 676 1267 736 qoem-

178 737 338 799 edmodum
355 740 433 800 enim
452 740 553 821 βῆμα,
574 740 657 820 quod
671 739 793 820 proprie
809 737 932 819 gradum
945 750 1031 801 sonet
1044 751 1073 800 et
1089 741 1181 802 eltsre
1195 762 1268 821 gre·

178 822 266 885 dibus
280 822 421 884 videlicet
433 823 583 885 subletum
599 821 816 904 synecdochice
827 823 958 899 indicet,
979 824 1164 903 significebnt
1177 845 1268 907 pree-

177 917 260 969 teree
281 908 410 990 spetiem
432 907 489 968 eoli
510 909 581 968 setis
595 908 706 986 letum,
728 906 809 986 quod
823 908 860 966 eb
871 906 974 967 infimo
987 908 1089 969 altoris
1102 911 1196 988 gredo
1211 930 1267 971 us·

178 1013 237 1074 que
257 992 295 1053 ed
316 991 464 1054 concelloe
482 1002 532 1054 eut
552 993 662 1055 soleem
679 992 817 1073 petebat,
838 991 918 1052 intre
937 993 1017 1071 quod
1033 994 1162 1075 spetiem
1177 995 1267 1057 etstio
1322 1000 1327 1008 '

177 1078 343 1139 entietitum
368 1087 398 1140 et
419 1077 608 1139 secerdotum
633 1086 708 1149 eret,
729 1076 763 1137 id
776 1075 857 1158 quod
870 1086 954 1137 extre
968 1097 1056 1138 oenoe
1071 1077 1193 1140 dubium
1211 1090 1268 1162 est,

178 1183 218 1223 ex
235 1164 385 1223 sexcentis
408 1158 517 1243 pesiim
535 1163 632 1225 obviis
652 1162 835 1244 scriptorum
855 1162 1036 1242 optimorum
1048 1162 1124 1223 locie
1140 1165 1269 1225 menife-

176 1257 274 1309 etums
300 1248 340 1307 ite
362 1247 522 1308 dicendum
540 1269 658 1329 quoque
675 1246 840 1308 neceseerio
861 1256 905 1307 est
925 1246 1022 1308 solees
1037 1246 1268 1329 appellationem

176 1340 369 1414 propegotsm
382 1331 419 1392 nd
434 1332 647 1412 designendnm
662 1331 799 1393 similiter
812 1331 940 1413 spetlum
954 1330 1074 1412 eliquod
1089 1332 1163 1405 soli,
1185 1333 1268 1413 quod

176 1416 277 1478 stetim
293 1436 310 1475 e
329 1416 410 1479 soleo
425 1437 529 1478 verme
539 1418 644 1499 populi
658 1437 694 1478 eo
707 1416 861 1477 concionis
873 1416 975 1478 locum
987 1417 1184 1493 tendebetur,
1206 1437 1267 1497 quo

176 1502 210 1567 in
231 1500 329 1582 epotio
351 1501 525 1563 subdiaconi
544 1504 673 1564 lectores
687 1501 797 1583 aliique
810 1501 965 1563 inferiores
982 1502 1123 1564 ecclesies
1138 1502 1269 1563 ministri

176 1586 312 1662 stebent,
333 1587 442 1666 quibus
455 1586 502 1649 ius
514 1607 577 1648 non
589 1596 666 1649 esset
677 1586 757 1647 intre
770 1606 853 1647 serre
867 1596 950 1667 septe
961 1585 994 1647 in
1007 1587 1017 1645 i
1040 1608 1074 1648 so
1089 1587 1204 1647 bemote
1215 1595 1269 1649 eut

175 1670 363 1752 presbyterio
385 1681 474 1736 stere.
516 1672 605 1735 docet
618 1670 674 1734 bos
688 1692 742 1732 nos
760 1672 840 1733 clere
854 1673 984 1753 Symeon
1046 1672 1269 1733 eseelonicensis

175 1755 254 1817 libro
279 1755 317 1815 de
337 1759 420 1821 Secr.
441 1755 489 1816 his
503 1758 622 1820 verbiee
643 1750 866 1832 dnodemsdvooe
882 1755 935 1821 eol
957 1749 1146 1861 dvppvoicroe
1164 1761 1268 1837 καθῆ-

176 1849 252 1904 σθαι
272 1834 329 1923 χρή
352 1841 466 1918 liedes
484 1846 541 1907 cosi
555 1838 691 1925 βήματος
706 1838 775 1922 περὶ
789 1837 842 1906 ede
855 1844 982 1916 σωλὲαν,
1003 1865 1037 1917 ος
1055 1837 1095 1922 δή
1114 1840 1167 1904 sul
1183 1842 1267 1923 βῆμα

174 1931 306 1990 καλεῖται
316 1917 524 2010 civoyvuoeeis.
565 1925 768 1987 subdiaconos
780 1938 808 1985 et
818 1922 941 1985 lectores
951 1923 1052 1985 sedere
1062 1938 1173 2006 oportet
1184 1938 1269 1985 extra

175 2012 278 2089 bema,
297 2012 381 2071 circa
399 2012 532 2088 soleam3
554 2015 610 2093 qni
625 2024 653 2072 et
667 2013 752 2073 bema
769 2012 914 2072 lectorum
933 2022 1140 2091 nuncupato-r.
1181 2010 1268 2071 bema

175 2095 227 2177 liic
244 2094 305 2156 diei
323 2097 423 2157 locum
444 2096 524 2158 intre
545 2118 628 2159 sucre
649 2106 732 2180 septe
749 2095 785 2155 eb
799 2096 886 2157 elteri
896 2095 933 2156 ed
946 2096 1094 2157 cencellos
1110 2095 1267 2177 pertinens

175 2181 279 2245 nullus
299 2180 432 2257 dubitet,
459 2182 548 2262 quele
566 2182 657 2262 volgo
679 2181 899 2264 presbyterium
922 2180 1020 2242 Letini
1044 2201 1265 2262 nuncupemus.

174 2264 254 2328 ilinc
267 2265 310 2327 eit
322 2265 593 2328 Thessalonicensis
612 2266 749 2328 exclusos
768 2265 967 2327 enbdieconos
983 2266 1168 2347 lectoresque
1182 2264 1266 2344 legi-

173 2352 276 2413 timem
295 2352 453 2413 stelionem
468 2350 607 2412 bebuisss
619 2350 689 2433 περὶ
706 2353 820 2416 colion
835 2355 917 2411 circo
929 2351 1060 2428 soleam
1083 2370 1170 2431 qoem
1186 2371 1267 2433 pro-

172 2445 275 2518 pteree
297 2436 407 2497 eoleem
428 2447 636 2519 nuncupatum
659 2436 701 2497 eit
723 2439 809 2519 βῆμα
831 2428 1046 2520 deeyvucsoie,
1076 2436 1161 2517 qussi
1184 2435 1266 2495 dicos

63 2546 67 2553 ·
173 2521 273 2582 altare
296 2520 455 2597 lectorum,
474 2522 588 2584 idcirco
612 2520 710 2602 qood,
734 2530 770 2581 ut
785 2522 870 2603 βῆμα
887 2520 1007 2601 lepino,
1028 2540 1136 2603 nempe
1145 2539 1265 2581 morum

173 2606 280 2681 eltere,
300 2606 386 2668 locus
406 2615 469 2667 eret
489 2607 611 2668 intimus
632 2606 669 2669 ed
690 2624 778 2687 quem
797 2606 938 2686 progredi
956 2604 1125 2667 secerdotes
1141 2612 1265 2686 possent

172 2690 266 2839 zecris
278 2691 311 2752 in
325 2711 360 2752 eo
372 2693 559 2836 perependie,
576 2691 617 2753 ite
630 2691 725 2753 solees
735 2699 814 2752 mete
826 2699 889 2751 eret
899 2691 1004 2789 ultime
1017 2690 1175 2832 ministprii
1188 2689 1265 2831 sup-

173 2786 1125 2945 „titilleittltll’etlt·.ltjl;3:.¹¹;„zt⁰22;.il
1138 2792 1266 2916 :30:33

173 2947 265 3007 cellos
285 2957 337 3008 eut
359 2946 468 3008 eoleem
490 2947 659 3009 secerdotes
681 2945 896 3020 consistebant,
917 2938 1050 3026 βήματος
1064 2940 1266 3021 eppelletione

173 3030 494 3113 comprehendebstur,
515 3032 559 3093 sic
581 3031 670 3093 etiem
689 3030 817 3110 spetlum
839 3038 905 3089 onte
927 3029 1057 3104 eoleem,
1078 3028 1111 3085 in
1126 3045 1185 3106 quo
1200 3034 1265 3084 eret
1342 3060 1348 3067 ·

170 3116 422 3179 subdiaconorum
444 3128 474 3176 et
491 3118 640 3177 lectorum
659 3115 762 3188 stelio,
784 3113 881 3175 solses
899 3131 1018 3193 quoque
1035 3108 1184 3170 vocabulo
1203 3109 1301 3173 ‹le-P
1316 3120 1370 3178 425

171 3202 357 3305 sipnebotur,
378 3202 421 3261 its
441 3209 477 3261 ut
502 3200 533 3261 in
555 3198 639 3260 bisce
661 3199 777 3260 duobus
798 3197 893 3259 solees
911 3198 1087 3276 iungeretur
1102 3194 1175 3275 ipsis
1195 3196 1265 3255 vice

170 3290 304 3370 βηματος
318 3297 347 3347 et
360 3286 427 3347 ideo
441 3287 525 3366 βῆμα
537 3277 738 3366 deoyvnnroiv
750 3283 836 3342 bema
847 3283 992 3342 lectorum
1002 3290 1168 3342 noceretur.
1189 3279 1264 3341 leseo

170 3372 314 3433 eontentio
329 3383 374 3432 est
387 3373 546 3432 verborum
562 3367 734 3450 symeonis,
756 3366 911 3439 menifeste
926 3365 1097 3427 docentium
1114 3365 1197 3425 illem
1212 3365 1263 3426 in·

168 3455 243 3516 time
264 3457 410 3516 edmotom
429 3457 526 3516 solens
545 3454 651 3536 templi
668 3463 784 3535 perlem
800 3451 949 3532 impertiri
967 3450 1084 3512 solitam
1101 3469 1263 3531 nuncupe-

170 3540 253 3601 tione
266 3541 379 3617 solens,
398 3563 454 3624 per
468 3540 671 3603 extensionem
685 3537 802 3621 scilicet
814 3538 990 3618 popularem
1004 3544 1036 3597 et
1051 3534 1149 3596 minus
1163 3536 1262 3615 rigide

170 3620 994 3773 ltili?¹nttl¹3nll‚t·¹‘l²l*tiltffitlll
1003 3620 1176 3767 ltili
1188 3620 1263 3767 ‘lli

170 3818 221 3860 ens
234 3790 267 3857 dl
283 3793 397 3869 εἴσοδος
411 3796 452 3871 εἰς
464 3793 517 3862 rdv
530 3756 645 3861 settis
662 3795 695 3860 is
712 3798 770 3857 τοῦ
784 3787 917 3875 βήματος
932 3785 1076 3856 διακόνου
1092 3789 1145 3854 eol
1159 3729 1262 3870 ieyoifflt

171 3881 241 3961 dixu
257 3870 375 3957 φοῖτων.
408 3878 451 3958 fit
465 3884 607 3941 introitus
618 3884 651 3939 in
662 3881 775 3940 soleam
788 3902 803 3938 s
814 3878 927 3938 demate
940 3876 1067 3937 diaconi
1078 3886 1106 3933 et
1118 3892 1196 3931 sacer
1204 3870 1262 3929 do-

171 3969 214 4025 tis
228 3967 294 4024 sine
307 3963 487 4029 luminibus.
527 3966 672 4026 describit
687 3985 800 4026 secrem
817 3964 975 4045 quemdem
988 3960 1182 4032 functionem,
1203 3973 1262 4033 que

170 4071 236 4111 moe
260 4058 323 4110 eret
343 4049 462 4129 prodire
480 4071 518 4110 ex
539 4050 726 4131 presbyterio
744 4050 776 4111 in
793 4049 897 4129 templi
911 4058 1024 4130 perlem
1041 4043 1067 4104 ei
1078 4049 1263 4124 penetentem
1339 4048 1350 4073 ·

169 4134 353 4196 sacerdotem
373 4153 442 4195 com
462 4134 600 4196 diecono.
642 4135 726 4196 illem
740 4154 834 4214 porro
846 4132 951 4213 templi
967 4140 1081 4212 portem
1096 4145 1155 4185 une
1169 4123 1265 4199 soleo,

169 4220 233 4281 eive
255 4217 433 4281 cencelliss
476 4217 640 4300 reebyterio
660 4219 852 4299 diremptam,
880 4217 995 4277 soleam
1014 4210 1155 4293 appellnt.
1197 4206 1265 4287 peri

168 4305 294 4368 notione
315 4241 490 4389 eccipiends
511 4303 677 4366 neeenoio
694 4322 756 4366 τοι
769 4300 853 4365 soleo
867 4310 914 4364 eet
931 4298 1014 4383 epod
1028 4297 1171 4360 loennem
1187 4292 1265 4354 Cen·
