<?xml version="1.0" encoding="UTF-8"?>
<!DOCTYPE html PUBLIC "-//W3C//DTD XHTML 1.0 Transitional//EN"
    "http://www.w3.org/TR/xhtml1/DTD/xhtml1-transitional.dtd">
<html xmlns="http://www.w3.org/1999/xhtml" xml:lang="en" lang="en">
 <head>
  <title>
</title>
<meta http-equiv="Content-Type" content="text/html;charset=utf-8" />
  <meta name='ocr-system' content='tesseract 3.04.00' />
  <meta name='ocr-capabilities' content='ocr_page ocr_carea ocr_par ocr_line ocrx_word'/>
</head>
<body>
  <div class='ocr_page' id='page_1' title='image "./corpusscriptoru05berlgoog_0257.png"; bbox 0 0 2992 4840; ppageno 0'>
   <div class='ocr_carea' id='block_1_1' title="bbox 237 247 1017 325">
    <p class='ocr_par' dir='ltr' id='par_1_1' title="bbox 237 247 1017 325">
     <span class='ocr_line' id='line_1_1' title="bbox 237 247 1017 325; baseline -0.012 0"><span class='ocrx_word' id='word_1_1' title='bbox 237 250 311 325; x_wconf 77' lang='lat'><strong>254</strong></span> <span class='ocrx_word' id='word_1_2' title='bbox 553 247 729 319; x_wconf 88' lang='lat' dir='ltr'><strong>GEORGII</strong></span> <span class='ocrx_word' id='word_1_3' title='bbox 754 248 1017 316; x_wconf 79' lang='lat' dir='ltr'><strong>Pacuunruuls</strong></span> 
     </span>
    </p>
   </div>
   <div class='ocr_carea' id='block_1_2' title="bbox 201 417 1442 2056">
    <p class='ocr_par' dir='ltr' id='par_1_2' title="bbox 201 417 1442 2056">
     <span class='ocr_line' id='line_1_2' title="bbox 238 417 1335 513; baseline -0.005 -21"><span class='ocrx_word' id='word_1_4' title='bbox 238 426 297 513; x_wconf 79' lang='grc' dir='ltr'><strong>γάρ</strong></span> <span class='ocrx_word' id='word_1_5' title='bbox 312 426 364 490; x_wconf 81' lang='grc' dir='ltr'><strong>καί</strong></span> <span class='ocrx_word' id='word_1_6' title='bbox 378 423 436 491; x_wconf 91' lang='grc' dir='ltr'><strong><em>τίνι</em></strong></span> <span class='ocrx_word' id='word_1_7' title='bbox 450 418 524 491; x_wconf 81' lang='grc' dir='ltr'><strong><em>ποτ’</em></strong></span> <span class='ocrx_word' id='word_1_8' title='bbox 551 418 635 488; x_wconf 68' lang='grc' dir='ltr'><strong><em>ίβνει</em></strong></span> <span class='ocrx_word' id='word_1_9' title='bbox 656 421 693 487; x_wconf 80' lang='lat' dir='ltr'><strong>sd</strong></span> <span class='ocrx_word' id='word_1_10' title='bbox 717 427 858 487; x_wconf 78' lang='grc' dir='ltr'><strong><em>τοιοῦτον</em></strong></span> <span class='ocrx_word' id='word_1_11' title='bbox 877 418 1028 504; x_wconf 64' lang='lat' dir='ltr'><strong>tutarer,-</strong></span> <span class='ocrx_word' id='word_1_12' title='bbox 1055 422 1105 486; x_wconf 76' lang='grc' dir='ltr'><strong>καί</strong></span> <span class='ocrx_word' id='word_1_13' title='bbox 1131 422 1173 496; x_wconf 86' lang='grc' dir='ltr'><strong>είς</strong></span> <span class='ocrx_word' id='word_1_14' title='bbox 1185 421 1217 486; x_wconf 90' lang='grc' dir='ltr'><strong>τί</strong></span> <span class='ocrx_word' id='word_1_15' title='bbox 1226 417 1335 507; x_wconf 84' lang='grc' dir='ltr'><strong><em>παρά-</em></strong></span> 
     </span>
     <span class='ocr_line' id='line_1_3' title="bbox 202 520 1334 614; baseline -0.007 -17"><span class='ocrx_word' id='word_1_16' title='bbox 202 534 225 586; x_wconf 82' lang='lat'><strong>0</strong></span> <span class='ocrx_word' id='word_1_17' title='bbox 243 533 350 614; x_wconf 84' lang='grc' dir='ltr'><strong><em>δειγμα</em></strong></span> <span class='ocrx_word' id='word_1_18' title='bbox 368 525 489 608; x_wconf 78' lang='grc' dir='ltr'><strong><em>βλίπαιν</em></strong></span> <span class='ocrx_word' id='word_1_19' title='bbox 510 521 527 590; x_wconf 82' lang='lat' dir='ltr'><strong>d</strong></span> <span class='ocrx_word' id='word_1_20' title='bbox 547 520 690 611; x_wconf 79' lang='grc' dir='ltr'><strong><em>ῖεράρχης</em></strong></span> <span class='ocrx_word' id='word_1_21' title='bbox 713 520 906 609; x_wconf 79' lang='grc' dir='ltr'><em>ἀνεμεσήτως</em></span> <span class='ocrx_word' id='word_1_22' title='bbox 921 524 1027 603; x_wconf 77' lang='grc' dir='ltr'><strong><em>άξιοιῖν</em></strong></span> <span class='ocrx_word' id='word_1_23' title='bbox 1051 522 1114 608; x_wconf 66' lang='grc' dir='ltr'><strong><em>ίγοι</em></strong></span> <span class='ocrx_word' id='word_1_24' title='bbox 1127 530 1218 589; x_wconf 81' lang='grc' dir='ltr'><strong><em>τοῦτο</em></strong></span> <span class='ocrx_word' id='word_1_25' title='bbox 1233 528 1284 589; x_wconf 82' lang='grc' dir='ltr'><strong>καὶ</strong></span> <span class='ocrx_word' id='word_1_26' title='bbox 1299 527 1334 590; x_wconf 72' lang='grc' dir='ltr'><strong>ἐν</strong></span> 
     </span>
     <span class='ocr_line' id='line_1_4' title="bbox 236 622 1336 718; baseline -0.005 -21"><span class='ocrx_word' id='word_1_27' title='bbox 236 631 327 718; x_wconf 72' lang='grc' dir='ltr'><strong><em>ἧμῖνς</em></strong></span> <span class='ocrx_word' id='word_1_28' title='bbox 353 627 449 716; x_wconf 62' lang='lat' dir='ltr'><strong>dorin</strong></span> <span class='ocrx_word' id='word_1_29' title='bbox 463 624 526 697; x_wconf 87' lang='grc' dir='ltr'><strong><em>οίδε</em></strong></span> <span class='ocrx_word' id='word_1_30' title='bbox 550 627 605 694; x_wconf 79' lang='grc' dir='ltr'><strong><em>τὸν</em></strong></span> <span class='ocrx_word' id='word_1_31' title='bbox 624 622 772 713; x_wconf 82' lang='grc' dir='ltr'><strong><em>τοιαύτης</em></strong></span> <span class='ocrx_word' id='word_1_32' title='bbox 791 624 979 713; x_wconf 76' lang='grc' dir='ltr'>γευσάμενον</span> <span class='ocrx_word' id='word_1_33' title='bbox 996 625 1146 705; x_wconf 77' lang='grc' dir='ltr'><strong><em>καθάπαξ</em></strong></span> <span class='ocrx_word' id='word_1_34' title='bbox 1156 633 1336 711; x_wconf 80' lang='grc' dir='ltr'>μεταβολῆς</span> 
     </span>
     <span class='ocr_line' id='line_1_5' title="bbox 236 726 1336 820; baseline -0.004 -21"><span class='ocrx_word' id='word_1_35' title='bbox 236 736 281 820; x_wconf 78' lang='grc' dir='ltr'><strong>μὴ</strong></span> <span class='ocrx_word' id='word_1_36' title='bbox 293 729 409 818; x_wconf 83' lang='grc' dir='ltr'><strong><em>τρόπον</em></strong></span> <span class='ocrx_word' id='word_1_37' title='bbox 420 728 495 797; x_wconf 88' lang='grc' dir='ltr'><strong><em>είναι</em></strong></span> <span class='ocrx_word' id='word_1_38' title='bbox 505 730 741 816; x_wconf 77' lang='grc' dir='ltr'><strong><em>μετεγκλίναντα</em></strong></span> <span class='ocrx_word' id='word_1_39' title='bbox 753 735 917 815; x_wconf 70' lang='lat' dir='ltr'><strong>salcosis,-</strong></span> <span class='ocrx_word' id='word_1_40' title='bbox 943 726 1052 807; x_wconf 88' lang='grc' dir='ltr'><strong><em>πόσοις</em></strong></span> <span class='ocrx_word' id='word_1_41' title='bbox 1064 729 1123 817; x_wconf 85' lang='grc' dir='ltr'><strong>γάρ</strong></span> <span class='ocrx_word' id='word_1_42' title='bbox 1138 726 1336 816; x_wconf 73' lang='grc' dir='ltr'><strong><em>ἔφεδρεύεται</em></strong></span> 
     </span>
     <span class='ocr_line' id='line_1_6' title="bbox 237 828 1363 922; baseline 0 -20"><span class='ocrx_word' id='word_1_43' title='bbox 237 837 399 922; x_wconf 72' lang='grc' dir='ltr'><strong><em>βασιλείας</em></strong></span> <span class='ocrx_word' id='word_1_44' title='bbox 426 830 551 911; x_wconf 78' lang='grc' dir='ltr'><strong><em>ὁπόσοις</em></strong></span> <span class='ocrx_word' id='word_1_45' title='bbox 573 834 608 899; x_wconf 76' lang='grc' dir='ltr'><strong>δὲ</strong></span> <span class='ocrx_word' id='word_1_46' title='bbox 629 830 719 917; x_wconf 74' lang='grc' dir='ltr'><strong>καὶὴ</strong></span> <span class='ocrx_word' id='word_1_47' title='bbox 741 834 843 910; x_wconf 78' lang='grc' dir='ltr'><strong><em>πίστις</em></strong></span> <span class='ocrx_word' id='word_1_48' title='bbox 865 832 998 917; x_wconf 71' lang='grc' dir='ltr'><strong><em>ἕψονται</em></strong></span> <span class='ocrx_word' id='word_1_49' title='bbox 1018 833 1067 898; x_wconf 73' lang='lat' dir='ltr'><strong>inl</strong></span> <span class='ocrx_word' id='word_1_50' title='bbox 1085 838 1143 899; x_wconf 81' lang='grc' dir='ltr'><strong><em>τοῦ</em></strong></span> <span class='ocrx_word' id='word_1_51' title='bbox 1164 828 1363 917; x_wconf 50' lang='lat' dir='ltr'><strong>clientem</strong></span> 
     </span>
     <span class='ocr_line' id='line_1_7' title="bbox 239 932 1337 1025; baseline -0.006 -17"><span class='ocrx_word' id='word_1_52' title='bbox 239 939 411 1023; x_wconf 84' lang='grc' dir='ltr'><strong><em>σωζομίνον</em></strong></span> <span class='ocrx_word' id='word_1_53' title='bbox 425 939 476 1002; x_wconf 79' lang='grc' dir='ltr'><strong>καὶ</strong></span> <span class='ocrx_word' id='word_1_54' title='bbox 490 935 534 1001; x_wconf 68' lang='grc' dir='ltr'><strong><em>ἔτι</em></strong></span> <span class='ocrx_word' id='word_1_55' title='bbox 548 942 604 1002; x_wconf 80' lang='grc' dir='ltr'><strong><em>τοῦ</em></strong></span> <span class='ocrx_word' id='word_1_56' title='bbox 618 935 768 1019; x_wconf 79' lang='grc' dir='ltr'><strong><em>βασιλίως</em></strong></span> <span class='ocrx_word' id='word_1_57' title='bbox 775 985 786 1017; x_wconf 90' lang='grc'><strong><em>,</em></strong></span> <span class='ocrx_word' id='word_1_58' title='bbox 814 934 869 1013; x_wconf 81' lang='grc' dir='ltr'><strong>οὓς</strong></span> <span class='ocrx_word' id='word_1_59' title='bbox 883 939 934 1003; x_wconf 84' lang='grc' dir='ltr'><strong>καί</strong></span> <span class='ocrx_word' id='word_1_60' title='bbox 947 933 1175 1025; x_wconf 69' lang='grc' dir='ltr'><strong><em>καθυφεικάτος</em></strong></span> <span class='ocrx_word' id='word_1_61' title='bbox 1191 932 1337 1022; x_wconf 77' lang='grc' dir='ltr'><strong><em>ὥρμημί-</em></strong></span> 
     </span>
     <span class='ocr_line' id='line_1_8' title="bbox 238 1036 1338 1130; baseline -0.004 -21"><span class='ocrx_word' id='word_1_62' title='bbox 238 1068 314 1119; x_wconf 86' lang='grc' dir='ltr'><strong><em>νοας</em></strong></span> <span class='ocrx_word' id='word_1_63' title='bbox 332 1038 426 1106; x_wconf 79' lang='grc' dir='ltr'><strong><em>πάλαι</em></strong></span> <span class='ocrx_word' id='word_1_64' title='bbox 440 1046 571 1125; x_wconf 78' lang='grc' dir='ltr'><strong>θαρρεῖν</strong></span> <span class='ocrx_word' id='word_1_65' title='bbox 585 1037 712 1125; x_wconf 77' lang='grc' dir='ltr'><strong><em>ἀνάγκη.</em></strong></span> <span class='ocrx_word' id='word_1_66' title='bbox 764 1036 822 1105; x_wconf 81' lang='grc' dir='ltr'><strong>κάν</strong></span> <span class='ocrx_word' id='word_1_67' title='bbox 834 1039 922 1106; x_wconf 79' lang='lat' dir='ltr'><strong>edroi</strong></span> <span class='ocrx_word' id='word_1_68' title='bbox 936 1040 981 1123; x_wconf 77' lang='grc' dir='ltr'><strong>μὴ</strong></span> <span class='ocrx_word' id='word_1_69' title='bbox 994 1043 1092 1130; x_wconf 70' lang='grc' dir='ltr'><strong><em>δρῷεν</em></strong></span> <span class='ocrx_word' id='word_1_70' title='bbox 1103 1036 1261 1114; x_wconf 73' lang='grc' dir='ltr'><strong><em>δάπτοντες</em></strong></span> <span class='ocrx_word' id='word_1_71' title='bbox 1275 1038 1338 1105; x_wconf 72' lang='grc' dir='ltr'><strong>άλ-</strong></span> 
     </span>
     <span class='ocr_line' id='line_1_9' title="bbox 240 1139 1337 1232; baseline -0.004 -21"><span class='ocrx_word' id='word_1_72' title='bbox 240 1153 317 1226; x_wconf 83' lang='grc' dir='ltr'><strong><em>ῖοις,</em></strong></span> <span class='ocrx_word' id='word_1_73' title='bbox 344 1143 424 1209; x_wconf 77' lang='grc' dir='ltr'><strong>ἀλλὰ</strong></span> <span class='ocrx_word' id='word_1_74' title='bbox 439 1149 484 1232; x_wconf 74' lang='grc' dir='ltr'><strong><em>τῷ</em></strong></span> <span class='ocrx_word' id='word_1_75' title='bbox 495 1142 527 1228; x_wconf 89' lang='grc' dir='ltr'><strong>γ’</strong></span> <span class='ocrx_word' id='word_1_76' title='bbox 543 1143 591 1207; x_wconf 74' lang='lat' dir='ltr'><strong>tul</strong></span> <span class='ocrx_word' id='word_1_77' title='bbox 613 1149 670 1226; x_wconf 80' lang='grc' dir='ltr'><strong><em>τῆς</em></strong></span> <span class='ocrx_word' id='word_1_78' title='bbox 689 1142 787 1229; x_wconf 78' lang='grc' dir='ltr'><strong><em>ἀρχῆς</em></strong></span> <span class='ocrx_word' id='word_1_79' title='bbox 806 1139 993 1210; x_wconf 89' lang='grc' dir='ltr'><strong><em>καταστάντι</em></strong></span> <span class='ocrx_word' id='word_1_80' title='bbox 1000 1191 1012 1225; x_wconf 99' lang='grc'><strong><em>,</em></strong></span> <span class='ocrx_word' id='word_1_81' title='bbox 1039 1140 1141 1229; x_wconf 78' lang='grc' dir='ltr'><strong><em>ὥσπερ</em></strong></span> <span class='ocrx_word' id='word_1_82' title='bbox 1157 1141 1337 1225; x_wconf 75' lang='grc' dir='ltr'><strong><em>άντιζηλοῖιν</em></strong></span> 
     </span>
     <span class='ocr_line' id='line_1_10' title="bbox 201 1241 1338 1336; baseline -0.005 -21"><span class='ocrx_word' id='word_1_83' title='bbox 201 1254 227 1307; x_wconf 88' lang='grc' dir='ltr'><strong>Ι)</strong></span> <span class='ocrx_word' id='word_1_84' title='bbox 244 1245 340 1327; x_wconf 72' lang='grc' dir='ltr'><strong><em>εἰκάς,</em></strong></span> <span class='ocrx_word' id='word_1_85' title='bbox 362 1245 443 1312; x_wconf 71' lang='lat' dir='ltr'><strong>odron</strong></span> <span class='ocrx_word' id='word_1_86' title='bbox 457 1248 507 1310; x_wconf 83' lang='grc' dir='ltr'><strong>καί</strong></span> <span class='ocrx_word' id='word_1_87' title='bbox 523 1246 601 1331; x_wconf 82' lang='grc' dir='ltr'><strong><em>δρᾶν</em></strong></span> <span class='ocrx_word' id='word_1_88' title='bbox 613 1245 653 1311; x_wconf 84' lang='grc' dir='ltr'><strong><em>τά</em></strong></span> <span class='ocrx_word' id='word_1_89' title='bbox 668 1247 804 1328; x_wconf 85' lang='grc' dir='ltr'><strong><em>χείριστα</em></strong></span> <span class='ocrx_word' id='word_1_90' title='bbox 821 1241 941 1336; x_wconf 75' lang='grc' dir='ltr'><strong><em>ῥᾴδιον.</em></strong></span> <span class='ocrx_word' id='word_1_91' title='bbox 990 1248 1024 1312; x_wconf 93' lang='grc' dir='ltr'><strong>τί</strong></span> <span class='ocrx_word' id='word_1_92' title='bbox 1035 1245 1074 1329; x_wconf 75' lang='grc' dir='ltr'><strong>δὴ</strong></span> <span class='ocrx_word' id='word_1_93' title='bbox 1092 1248 1142 1311; x_wconf 79' lang='grc' dir='ltr'><strong>καὶ</strong></span> <span class='ocrx_word' id='word_1_94' title='bbox 1156 1242 1280 1330; x_wconf 77' lang='grc' dir='ltr'><strong>ἀνάγειν</strong></span> <span class='ocrx_word' id='word_1_95' title='bbox 1294 1247 1338 1321; x_wconf 85' lang='grc' dir='ltr'><strong>είς</strong></span> 
     </span>
     <span class='ocr_line' id='line_1_11' title="bbox 241 1344 1442 1435; baseline -0.003 -16"><span class='ocrx_word' id='word_1_96' title='bbox 241 1352 298 1435; x_wconf 80' lang='grc' dir='ltr'><strong><em>τὴν</em></strong></span> <span class='ocrx_word' id='word_1_97' title='bbox 312 1349 409 1435; x_wconf 78' lang='grc' dir='ltr'><strong><em>ἀρχὴν</em></strong></span> <span class='ocrx_word' id='word_1_98' title='bbox 424 1347 494 1429; x_wconf 72' lang='grc' dir='ltr'><strong><em>ἴδει,</em></strong></span> <span class='ocrx_word' id='word_1_99' title='bbox 518 1347 553 1414; x_wconf 84' lang='grc' dir='ltr'><strong>ὃν</strong></span> <span class='ocrx_word' id='word_1_100' title='bbox 564 1347 636 1432; x_wconf 78' lang='grc' dir='ltr'><strong><em>μετ’</em></strong></span> <span class='ocrx_word' id='word_1_101' title='bbox 654 1348 690 1415; x_wconf 84' lang='grc' dir='ltr'><strong>ού</strong></span> <span class='ocrx_word' id='word_1_102' title='bbox 703 1349 782 1414; x_wconf 82' lang='grc' dir='ltr'><strong><em>πολύ</em></strong></span> <span class='ocrx_word' id='word_1_103' title='bbox 795 1344 933 1435; x_wconf 79' lang='grc' dir='ltr'><strong>κατάγειν</strong></span> <span class='ocrx_word' id='word_1_104' title='bbox 947 1346 1102 1432; x_wconf 68' lang='grc' dir='ltr'><strong><em>ἐβούλετο,</em></strong></span> <span class='ocrx_word' id='word_1_105' title='bbox 1130 1345 1173 1425; x_wconf 70' lang='lat' dir='ltr'><strong>oie</strong></span> <span class='ocrx_word' id='word_1_106' title='bbox 1184 1344 1338 1433; x_wconf 81' lang='grc' dir='ltr'><strong><em>γεύσαντο</em></strong></span> <span class='ocrx_word' id='word_1_107' title='bbox 1348 1367 1384 1418; x_wconf 82' lang='lat'><strong>10</strong></span> <span class='ocrx_word' id='word_1_108' title='bbox 1438 1369 1442 1373; x_wconf 78' lang='grc'><em>’</em></span> 
     </span>
     <span class='ocr_line' id='line_1_12' title="bbox 242 1448 1340 1541; baseline -0.005 -19"><span class='ocrx_word' id='word_1_109' title='bbox 242 1452 339 1540; x_wconf 86' lang='grc' dir='ltr'><strong><em>μόνον</em></strong></span> <span class='ocrx_word' id='word_1_110' title='bbox 353 1453 529 1538; x_wconf 86' lang='grc' dir='ltr'><strong><em>ἀποστερεῖν</em></strong></span> <span class='ocrx_word' id='word_1_111' title='bbox 535 1481 547 1537; x_wconf 84' lang='lat'><strong>,-</strong></span> <span class='ocrx_word' id='word_1_112' title='bbox 570 1454 667 1538; x_wconf 81' lang='grc' dir='ltr'><strong><em>χωρίς</em></strong></span> <span class='ocrx_word' id='word_1_113' title='bbox 688 1453 723 1518; x_wconf 77' lang='grc' dir='ltr'><strong>δὲ</strong></span> <span class='ocrx_word' id='word_1_114' title='bbox 743 1448 933 1520; x_wconf 76' lang='grc' dir='ltr'><strong><em>τούτωνκαὶ</em></strong></span> <span class='ocrx_word' id='word_1_115' title='bbox 953 1449 1044 1534; x_wconf 77' lang='grc' dir='ltr'><strong><em>θεάν,</em></strong></span> <span class='ocrx_word' id='word_1_116' title='bbox 1079 1450 1162 1538; x_wconf 74' lang='grc' dir='ltr'><strong><em>εἴπερ</em></strong></span> <span class='ocrx_word' id='word_1_117' title='bbox 1179 1454 1239 1518; x_wconf 79' lang='grc' dir='ltr'><strong><em>τινί</em></strong></span> <span class='ocrx_word' id='word_1_118' title='bbox 1253 1450 1340 1541; x_wconf 70' lang='lat' dir='ltr'><strong>drap</strong></span> 
     </span>
     <span class='ocr_line' id='line_1_13' title="bbox 242 1550 1380 1646; baseline -0.004 -23"><span class='ocrx_word' id='word_1_119' title='bbox 242 1559 393 1646; x_wconf 80' lang='grc' dir='ltr'><strong><em>μεγίστῳ,</em></strong></span> <span class='ocrx_word' id='word_1_120' title='bbox 418 1557 469 1621; x_wconf 86' lang='grc' dir='ltr'><strong>καί</strong></span> <span class='ocrx_word' id='word_1_121' title='bbox 489 1551 673 1623; x_wconf 86' lang='grc' dir='ltr'><strong><em>καταστάσει</em></strong></span> <span class='ocrx_word' id='word_1_122' title='bbox 692 1556 852 1638; x_wconf 73' lang='grc' dir='ltr'><strong><em>βασιλείας</em></strong></span> <span class='ocrx_word' id='word_1_123' title='bbox 866 1554 1000 1623; x_wconf 85' lang='grc' dir='ltr'><strong><em>σονιίναι</em></strong></span> <span class='ocrx_word' id='word_1_124' title='bbox 1018 1550 1207 1638; x_wconf 73' lang='grc' dir='ltr'><strong><em>πιστεύομεν.</em></strong></span> <span class='ocrx_word' id='word_1_125' title='bbox 1258 1560 1342 1620; x_wconf 77' lang='grc' dir='ltr'><strong><em>θεοῦ</em></strong></span> <span class='ocrx_word' id='word_1_126' title='bbox 1376 1630 1380 1641; x_wconf 71' lang='lat'>‚</span> 
     </span>
     <span class='ocr_line' id='line_1_14' title="bbox 245 1655 1339 1743; baseline -0.005 -16"><span class='ocrx_word' id='word_1_127' title='bbox 245 1663 280 1727; x_wconf 83' lang='grc' dir='ltr'><strong><em>δί</em></strong></span> <span class='ocrx_word' id='word_1_128' title='bbox 297 1659 415 1743; x_wconf 80' lang='grc' dir='ltr'><strong><em>βουλὴν</em></strong></span> <span class='ocrx_word' id='word_1_129' title='bbox 437 1659 600 1724; x_wconf 74' lang='grc' dir='ltr'><strong><em>διασκεδᾶν</em></strong></span> <span class='ocrx_word' id='word_1_130' title='bbox 623 1658 733 1725; x_wconf 70' lang='grc' dir='ltr'><strong><em>ἐθέλον</em></strong></span> <span class='ocrx_word' id='word_1_131' title='bbox 754 1655 797 1735; x_wconf 77' lang='grc' dir='ltr'><strong>ὥς</strong></span> <span class='ocrx_word' id='word_1_132' title='bbox 817 1658 850 1725; x_wconf 82' lang='grc' dir='ltr'><strong>δ’</strong></span> <span class='ocrx_word' id='word_1_133' title='bbox 871 1657 1028 1739; x_wconf 70' lang='grc' dir='ltr'><strong><em>αὔθαδες,</em></strong></span> <span class='ocrx_word' id='word_1_134' title='bbox 1064 1655 1107 1735; x_wconf 79' lang='grc' dir='ltr'><strong>ὥς</strong></span> <span class='ocrx_word' id='word_1_135' title='bbox 1125 1659 1160 1723; x_wconf 76' lang='grc' dir='ltr'><strong>δὲ</strong></span> <span class='ocrx_word' id='word_1_136' title='bbox 1180 1657 1231 1721; x_wconf 86' lang='grc' dir='ltr'><strong>καί</strong></span> <span class='ocrx_word' id='word_1_137' title='bbox 1242 1657 1339 1743; x_wconf 69' lang='grc' dir='ltr'><strong><em>μέγαν</em></strong></span> 
     </span>
     <span class='ocr_line' id='line_1_15' title="bbox 244 1760 1341 1850; baseline -0.006 -19"><span class='ocrx_word' id='word_1_138' title='bbox 244 1764 313 1850; x_wconf 66' lang='grc' dir='ltr'><strong><em>ἕχον</em></strong></span> <span class='ocrx_word' id='word_1_139' title='bbox 332 1773 398 1838; x_wconf 89' lang='grc' dir='ltr'><strong><em>τοῖς</em></strong></span> <span class='ocrx_word' id='word_1_140' title='bbox 420 1767 557 1846; x_wconf 85' lang='grc' dir='ltr'><strong><em>τολμῶσι</em></strong></span> <span class='ocrx_word' id='word_1_141' title='bbox 576 1761 631 1828; x_wconf 82' lang='grc' dir='ltr'><strong><em>τὸν</em></strong></span> <span class='ocrx_word' id='word_1_142' title='bbox 650 1763 801 1828; x_wconf 85' lang='grc' dir='ltr'><strong><em>κίνδυνον.</em></strong></span> <span class='ocrx_word' id='word_1_143' title='bbox 853 1768 955 1828; x_wconf 81' lang='grc' dir='ltr'><strong><em>ταῦτα</em></strong></span> <span class='ocrx_word' id='word_1_144' title='bbox 969 1763 1072 1828; x_wconf 83' lang='grc' dir='ltr'><strong><em>τοίνυν</em></strong></span> <span class='ocrx_word' id='word_1_145' title='bbox 1089 1760 1341 1844; x_wconf 73' lang='grc' dir='ltr'><strong><em>ίνθομοαμίνοος</em></strong></span> 
     </span>
     <span class='ocr_line' id='line_1_16' title="bbox 245 1860 1385 1955; baseline 0 -21"><span class='ocrx_word' id='word_1_146' title='bbox 245 1869 355 1934; x_wconf 73' lang='grc' dir='ltr'><strong><em>δεῖκαὶ</em></strong></span> <span class='ocrx_word' id='word_1_147' title='bbox 370 1862 452 1949; x_wconf 84' lang='grc' dir='ltr'><strong><em>ύμάς</em></strong></span> <span class='ocrx_word' id='word_1_148' title='bbox 467 1871 512 1954; x_wconf 81' lang='grc' dir='ltr'><strong><em>τῷ</em></strong></span> <span class='ocrx_word' id='word_1_149' title='bbox 527 1866 634 1955; x_wconf 79' lang='grc' dir='ltr'><strong><em>δικαίῳ</em></strong></span> <span class='ocrx_word' id='word_1_150' title='bbox 649 1870 705 1949; x_wconf 78' lang='grc' dir='ltr'><strong><em>τῆς</em></strong></span> <span class='ocrx_word' id='word_1_151' title='bbox 717 1863 876 1947; x_wconf 76' lang='grc' dir='ltr'><strong><em>βασιλείας</em></strong></span> <span class='ocrx_word' id='word_1_152' title='bbox 888 1861 1108 1951; x_wconf 81' lang='grc' dir='ltr'><strong><em>συμπράττειν,</em></strong></span> <span class='ocrx_word' id='word_1_153' title='bbox 1134 1868 1186 1929; x_wconf 80' lang='grc' dir='ltr'><strong>καὶ</strong></span> <span class='ocrx_word' id='word_1_154' title='bbox 1199 1864 1244 1948; x_wconf 80' lang='grc' dir='ltr'><strong>μὴ</strong></span> <span class='ocrx_word' id='word_1_155' title='bbox 1255 1860 1336 1929; x_wconf 76' lang='grc' dir='ltr'><strong><em>οὕτω</em></strong></span> <span class='ocrx_word' id='word_1_156' title='bbox 1348 1880 1385 1933; x_wconf 83' lang='lat'><strong>15</strong></span> 
     </span>
     <span class='ocr_line' id='line_1_17' title="bbox 207 1964 1344 2056; baseline -0.004 -21"><span class='ocrx_word' id='word_1_157' title='bbox 207 1981 232 2035; x_wconf 75' lang='lat' dir='ltr'>E</span> <span class='ocrx_word' id='word_1_158' title='bbox 249 1976 428 2056; x_wconf 63' lang='lat' dir='ltr'><strong>carnariola</strong></span> <span class='ocrx_word' id='word_1_159' title='bbox 443 1964 531 2053; x_wconf 78' lang='grc' dir='ltr'><strong><em>ἡμῶν</em></strong></span> <span class='ocrx_word' id='word_1_160' title='bbox 547 1968 594 2033; x_wconf 70' lang='lat' dir='ltr'><strong>lat</strong></span> <span class='ocrx_word' id='word_1_161' title='bbox 617 1973 767 2035; x_wconf 83' lang='grc' dir='ltr'><strong><em>τοσοῦτον</em></strong></span> <span class='ocrx_word' id='word_1_162' title='bbox 786 1967 1005 2055; x_wconf 74' lang='grc' dir='ltr'><strong><em>ἀπαγχομένων</em></strong></span> <span class='ocrx_word' id='word_1_163' title='bbox 1016 1978 1082 2046; x_wconf 88' lang='grc' dir='ltr'><strong><em>τοῖς</em></strong></span> <span class='ocrx_word' id='word_1_164' title='bbox 1095 1974 1257 2053; x_wconf 77' lang='grc' dir='ltr'><strong><em>λογισμοῖς.</em></strong></span> <span class='ocrx_word' id='word_1_165' title='bbox 1306 1968 1344 2031; x_wconf 87' lang='grc' dir='ltr'><strong>τί</strong></span> 
     </span>
    </p>
   </div>
   <div class='ocr_carea' id='block_1_3' title="bbox 311 2100 1346 2275">
    <p class='ocr_par' dir='ltr' id='par_1_3' title="bbox 311 2100 1346 2275">
     <span class='ocr_line' id='line_1_18' title="bbox 313 2100 1346 2205; baseline -0.005 -15"><span class='ocrx_word' id='word_1_166' title='bbox 313 2139 337 2190; x_wconf 89' lang='lat'><strong>1.</strong></span> <span class='ocrx_word' id='word_1_167' title='bbox 356 2133 407 2202; x_wconf 69' lang='lat' dir='ltr'><strong>sn]</strong></span> <span class='ocrx_word' id='word_1_168' title='bbox 425 2133 451 2188; x_wconf 78' lang='grc' dir='ltr'><strong><em>ο</em></strong></span> <span class='ocrx_word' id='word_1_169' title='bbox 464 2131 495 2186; x_wconf 79' lang='lat' dir='ltr'><strong>r.</strong></span> <span class='ocrx_word' id='word_1_170' title='bbox 598 2132 626 2186; x_wconf 76' lang='lat' dir='ltr'><strong>a</strong></span> <span class='ocrx_word' id='word_1_171' title='bbox 641 2130 743 2205; x_wconf 70' lang='lat' dir='ltr'><strong>oum</strong></span> <span class='ocrx_word' id='word_1_172' title='bbox 759 2131 791 2188; x_wconf 77' lang='grc' dir='ltr'><strong>ο.</strong></span> <span class='ocrx_word' id='word_1_173' title='bbox 882 2133 910 2187; x_wconf 88' lang='lat'><strong>9.</strong></span> <span class='ocrx_word' id='word_1_174' title='bbox 926 2132 968 2195; x_wconf 73' lang='grc' dir='ltr'><strong>ια</strong></span> <span class='ocrx_word' id='word_1_175' title='bbox 983 2100 1103 2187; x_wconf 67' lang='lat' dir='ltr'><strong>osme‘</strong></span> <span class='ocrx_word' id='word_1_176' title='bbox 1176 2130 1218 2185; x_wconf 81' lang='lat' dir='ltr'><strong>ra</strong></span> <span class='ocrx_word' id='word_1_177' title='bbox 1235 2125 1346 2186; x_wconf 65' lang='grc' dir='ltr'><strong><em>εοαει</em></strong></span> 
     </span>
     <span class='ocr_line' id='line_1_19' title="bbox 311 2199 746 2275; baseline -0.014 -16"><span class='ocrx_word' id='word_1_178' title='bbox 311 2200 350 2270; x_wconf 75' lang='grc' dir='ltr'><strong>οῖς</strong></span> <span class='ocrx_word' id='word_1_179' title='bbox 364 2201 416 2275; x_wconf 72' lang='grc' dir='ltr'><strong>μὲν</strong></span> <span class='ocrx_word' id='word_1_180' title='bbox 432 2199 525 2257; x_wconf 53' lang='lat' dir='ltr'><strong>atui</strong></span> <span class='ocrx_word' id='word_1_181' title='bbox 741 2214 746 2229; x_wconf 93' lang='grc'><strong><em>·</em></strong></span> 
     </span>
    </p>
   </div>
   <div class='ocr_carea' id='block_1_4' title="bbox 244 2338 1361 4276">
    <p class='ocr_par' dir='ltr' id='par_1_4' title="bbox 244 2338 1361 4276">
     <span class='ocr_line' id='line_1_20' title="bbox 244 2338 1345 2412; baseline -0.005 -16"><span class='ocrx_word' id='word_1_182' title='bbox 244 2341 374 2412; x_wconf 84' lang='lat' dir='ltr'><strong>exemplar</strong></span> <span class='ocrx_word' id='word_1_183' title='bbox 397 2339 477 2393; x_wconf 86' lang='lat' dir='ltr'><strong>inerit</strong></span> <span class='ocrx_word' id='word_1_184' title='bbox 496 2339 623 2407; x_wconf 85' lang='lat' dir='ltr'><strong>intuitus,</strong></span> <span class='ocrx_word' id='word_1_185' title='bbox 646 2341 800 2396; x_wconf 84' lang='lat' dir='ltr'><strong>auctoritate</strong></span> <span class='ocrx_word' id='word_1_186' title='bbox 826 2338 928 2410; x_wconf 86' lang='lat' dir='ltr'><strong>probati</strong></span> <span class='ocrx_word' id='word_1_187' title='bbox 945 2338 1010 2393; x_wconf 85' lang='lat' dir='ltr'><strong>elias</strong></span> <span class='ocrx_word' id='word_1_188' title='bbox 1027 2338 1091 2393; x_wconf 84' lang='lat' dir='ltr'><strong>fecti</strong></span> <span class='ocrx_word' id='word_1_189' title='bbox 1106 2342 1202 2393; x_wconf 85' lang='lat' dir='ltr'><strong>tantsm</strong></span> <span class='ocrx_word' id='word_1_190' title='bbox 1216 2338 1294 2391; x_wconf 86' lang='lat' dir='ltr'><strong>istarn</strong></span> <span class='ocrx_word' id='word_1_191' title='bbox 1310 2355 1345 2391; x_wconf 87' lang='lat' dir='ltr'><strong>se</strong></span> 
     </span>
     <span class='ocr_line' id='line_1_21' title="bbox 245 2406 1346 2481; baseline -0.003 -18"><span class='ocrx_word' id='word_1_192' title='bbox 245 2412 349 2481; x_wconf 85' lang='lat' dir='ltr'><strong>putavit</strong></span> <span class='ocrx_word' id='word_1_193' title='bbox 365 2426 488 2461; x_wconf 80' lang='lat' dir='ltr'><strong>excusare</strong></span> <span class='ocrx_word' id='word_1_194' title='bbox 504 2427 598 2478; x_wconf 88' lang='lat' dir='ltr'><strong>posse,</strong></span> <span class='ocrx_word' id='word_1_195' title='bbox 623 2412 761 2464; x_wconf 87' lang='lat' dir='ltr'><strong>autetiam</strong></span> <span class='ocrx_word' id='word_1_196' title='bbox 777 2410 965 2473; x_wconf 86' lang='lat' dir='ltr'><strong>commendare,</strong></span> <span class='ocrx_word' id='word_1_197' title='bbox 982 2409 1146 2462; x_wconf 63' lang='lat' dir='ltr'><strong>novitatem?</strong></span> <span class='ocrx_word' id='word_1_198' title='bbox 1167 2424 1199 2460; x_wconf 88' lang='lat' dir='ltr'><strong>au</strong></span> <span class='ocrx_word' id='word_1_199' title='bbox 1214 2406 1297 2459; x_wconf 88' lang='lat' dir='ltr'><strong>nescit</strong></span> <span class='ocrx_word' id='word_1_200' title='bbox 1314 2407 1346 2460; x_wconf 89' lang='lat' dir='ltr'><strong>ei</strong></span> 
     </span>
     <span class='ocr_line' id='line_1_22' title="bbox 246 2476 1347 2550; baseline -0.004 -20"><span class='ocrx_word' id='word_1_201' title='bbox 246 2480 292 2549; x_wconf 88' lang='lat' dir='ltr'><strong>qui</strong></span> <span class='ocrx_word' id='word_1_202' title='bbox 310 2495 342 2530; x_wconf 80' lang='lat' dir='ltr'><strong>en</strong></span> <span class='ocrx_word' id='word_1_203' title='bbox 359 2477 414 2529; x_wconf 86' lang='lat' dir='ltr'><strong>vita</strong></span> <span class='ocrx_word' id='word_1_204' title='bbox 430 2478 532 2546; x_wconf 86' lang='lat' dir='ltr'><strong>privata</strong></span> <span class='ocrx_word' id='word_1_205' title='bbox 555 2479 581 2530; x_wconf 89' lang='lat' dir='ltr'><strong>in</strong></span> <span class='ocrx_word' id='word_1_206' title='bbox 598 2478 731 2548; x_wconf 85' lang='lat' dir='ltr'><strong>imperinm</strong></span> <span class='ocrx_word' id='word_1_207' title='bbox 756 2488 860 2532; x_wconf 83' lang='lat' dir='ltr'><strong>euectus</strong></span> <span class='ocrx_word' id='word_1_208' title='bbox 876 2479 1048 2550; x_wconf 73' lang='lat' dir='ltr'><strong>principatum</strong></span> <span class='ocrx_word' id='word_1_209' title='bbox 1065 2477 1144 2531; x_wconf 88' lang='lat' dir='ltr'><strong>semel</strong></span> <span class='ocrx_word' id='word_1_210' title='bbox 1158 2476 1347 2545; x_wconf 70' lang='lat' dir='ltr'>degustaverit,</span> 
     </span>
     <span class='ocr_line' id='line_1_23' title="bbox 247 2545 1348 2628; baseline -0.003 -28"><span class='ocrx_word' id='word_1_211' title='bbox 247 2565 299 2600; x_wconf 91' lang='lat' dir='ltr'><strong>non</strong></span> <span class='ocrx_word' id='word_1_212' title='bbox 316 2546 391 2600; x_wconf 88' lang='lat' dir='ltr'><strong>aliam</strong></span> <span class='ocrx_word' id='word_1_213' title='bbox 408 2562 482 2614; x_wconf 84' lang='lat' dir='ltr'><strong>quam</strong></span> <span class='ocrx_word' id='word_1_214' title='bbox 500 2563 557 2598; x_wconf 91' lang='lat' dir='ltr'><strong>cnm</strong></span> <span class='ocrx_word' id='word_1_215' title='bbox 572 2546 780 2616; x_wconf 87' lang='lat' dir='ltr'><strong>praesentissimo</strong></span> <span class='ocrx_word' id='word_1_216' title='bbox 798 2548 959 2601; x_wconf 85' lang='lat' dir='ltr'><strong>coniunctam</strong></span> <span class='ocrx_word' id='word_1_217' title='bbox 972 2546 1069 2628; x_wconf 59' lang='lat' dir='ltr'><strong>,mortis</strong></span> <span class='ocrx_word' id='word_1_218' title='bbox 1086 2546 1198 2617; x_wconf 87' lang='lat' dir='ltr'><strong>periculo</strong></span> <span class='ocrx_word' id='word_1_219' title='bbox 1214 2545 1348 2598; x_wconf 88' lang='lat' dir='ltr'><strong>conditio-</strong></span> 
     </span>
     <span class='ocr_line' id='line_1_24' title="bbox 247 2614 1350 2686; baseline -0.004 -16"><span class='ocrx_word' id='word_1_220' title='bbox 247 2633 305 2670; x_wconf 89' lang='lat' dir='ltr'><strong>nem</strong></span> <span class='ocrx_word' id='word_1_221' title='bbox 323 2614 422 2668; x_wconf 86' lang='lat' dir='ltr'><strong>ostendi</strong></span> <span class='ocrx_word' id='word_1_222' title='bbox 438 2616 557 2667; x_wconf 78' lang='lat' dir='ltr'><strong>fortunae</strong></span> <span class='ocrx_word' id='word_1_223' title='bbox 593 2615 669 2668; x_wconf 89' lang='lat' dir='ltr'><strong>rioris</strong></span> <span class='ocrx_word' id='word_1_224' title='bbox 687 2615 872 2669; x_wconf 65' lang='lat' dir='ltr'><strong>resumendae?</strong></span> <span class='ocrx_word' id='word_1_225' title='bbox 894 2616 1057 2686; x_wconf 89' lang='lat' dir='ltr'><strong>plurimorum</strong></span> <span class='ocrx_word' id='word_1_226' title='bbox 1074 2617 1168 2669; x_wconf 77' lang='lat' dir='ltr'>etenim</span> <span class='ocrx_word' id='word_1_227' title='bbox 1184 2631 1285 2685; x_wconf 85' lang='lat' dir='ltr'><strong>semper</strong></span> <span class='ocrx_word' id='word_1_228' title='bbox 1302 2614 1350 2666; x_wconf 88' lang='lat' dir='ltr'><strong>in·</strong></span> 
     </span>
     <span class='ocr_line' id='line_1_25' title="bbox 247 2633 1350 2756; baseline -0.004 -17"><span class='ocrx_word' id='word_1_229' title='bbox 247 2686 322 2739; x_wconf 89' lang='lat' dir='ltr'><strong>sidiis</strong></span> <span class='ocrx_word' id='word_1_230' title='bbox 338 2683 496 2755; x_wconf 72' lang='lat' dir='ltr'><strong>principatus</strong></span> <span class='ocrx_word' id='word_1_231' title='bbox 513 2633 662 2737; x_wconf 81' lang='lat' dir='ltr'><strong>obsidetur:</strong></span> <span class='ocrx_word' id='word_1_232' title='bbox 688 2686 866 2756; x_wconf 82' lang='lat' dir='ltr'><strong>plerorumque</strong></span> <span class='ocrx_word' id='word_1_233' title='bbox 888 2702 950 2737; x_wconf 84' lang='lat' dir='ltr'><strong>vero</strong></span> <span class='ocrx_word' id='word_1_234' title='bbox 975 2685 1132 2738; x_wconf 88' lang='lat' dir='ltr'><strong>subditorum</strong></span> <span class='ocrx_word' id='word_1_235' title='bbox 1149 2684 1214 2736; x_wconf 83' lang='lat' dir='ltr'><strong>fides</strong></span> <span class='ocrx_word' id='word_1_236' title='bbox 1230 2692 1258 2736; x_wconf 81' lang='lat' dir='ltr'><strong>et</strong></span> <span class='ocrx_word' id='word_1_237' title='bbox 1272 2700 1350 2737; x_wconf 82' lang='lat' dir='ltr'><strong>autor</strong></span> 
     </span>
     <span class='ocr_line' id='line_1_26' title="bbox 248 2753 1350 2826; baseline -0.002 -18"><span class='ocrx_word' id='word_1_238' title='bbox 248 2757 276 2809; x_wconf 90' lang='lat' dir='ltr'><strong>in</strong></span> <span class='ocrx_word' id='word_1_239' title='bbox 294 2753 435 2826; x_wconf 78' lang='lat' dir='ltr'><strong>principem</strong></span> <span class='ocrx_word' id='word_1_240' title='bbox 457 2769 524 2806; x_wconf 79' lang='lat' dir='ltr'><strong>vene</strong></span> <span class='ocrx_word' id='word_1_241' title='bbox 545 2754 678 2806; x_wconf 72' lang='lat' dir='ltr'><strong>dumtaxat</strong></span> <span class='ocrx_word' id='word_1_242' title='bbox 700 2755 837 2824; x_wconf 86' lang='lat' dir='ltr'><strong>superficie</strong></span> <span class='ocrx_word' id='word_1_243' title='bbox 858 2754 980 2808; x_wconf 84' lang='lat' dir='ltr'><strong>ostentati</strong></span> <span class='ocrx_word' id='word_1_244' title='bbox 1001 2755 1112 2807; x_wconf 88' lang='lat' dir='ltr'><strong>exterius</strong></span> <span class='ocrx_word' id='word_1_245' title='bbox 1135 2753 1253 2824; x_wconf 87' lang='lat' dir='ltr'><strong>obsequii</strong></span> <span class='ocrx_word' id='word_1_246' title='bbox 1274 2761 1350 2806; x_wconf 85' lang='lat' dir='ltr'><strong>tetus</strong></span> 
     </span>
     <span class='ocr_line' id='line_1_27' title="bbox 251 2821 1349 2896; baseline -0.004 -17"><span class='ocrx_word' id='word_1_247' title='bbox 251 2823 424 2896; x_wconf 80' lang='lat' dir='ltr'><strong>expromitur,</strong></span> <span class='ocrx_word' id='word_1_248' title='bbox 440 2821 509 2874; x_wconf 90' lang='lat' dir='ltr'><strong>intus</strong></span> <span class='ocrx_word' id='word_1_249' title='bbox 525 2822 590 2875; x_wconf 90' lang='lat' dir='ltr'><strong>nibil</strong></span> <span class='ocrx_word' id='word_1_250' title='bbox 606 2824 703 2877; x_wconf 87' lang='lat' dir='ltr'><strong>babens</strong></span> <span class='ocrx_word' id='word_1_251' title='bbox 719 2822 802 2878; x_wconf 89' lang='lat' dir='ltr'><strong>solidi.</strong></span> <span class='ocrx_word' id='word_1_252' title='bbox 835 2840 915 2894; x_wconf 88' lang='lat' dir='ltr'><strong>quere</strong></span> <span class='ocrx_word' id='word_1_253' title='bbox 931 2840 1036 2876; x_wconf 88' lang='lat' dir='ltr'><strong>necesse</strong></span> <span class='ocrx_word' id='word_1_254' title='bbox 1053 2829 1093 2876; x_wconf 84' lang='lat' dir='ltr'><strong>est</strong></span> <span class='ocrx_word' id='word_1_255' title='bbox 1109 2839 1165 2875; x_wconf 88' lang='lat' dir='ltr'><strong>eam</strong></span> <span class='ocrx_word' id='word_1_256' title='bbox 1188 2839 1204 2876; x_wconf 80' lang='lat' dir='ltr'><strong>e</strong></span> <span class='ocrx_word' id='word_1_257' title='bbox 1222 2840 1273 2893; x_wconf 89' lang='lat' dir='ltr'><strong>quo</strong></span> <span class='ocrx_word' id='word_1_258' title='bbox 1290 2821 1349 2875; x_wconf 83' lang='lat' dir='ltr'><strong>sio·</strong></span> 
     </span>
     <span class='ocr_line' id='line_1_28' title="bbox 250 2890 1350 2962; baseline -0.004 -14"><span class='ocrx_word' id='word_1_259' title='bbox 250 2894 326 2948; x_wconf 89' lang='lat' dir='ltr'><strong>lando</strong></span> <span class='ocrx_word' id='word_1_260' title='bbox 343 2892 398 2947; x_wconf 87' lang='lat' dir='ltr'><strong>sola</strong></span> <span class='ocrx_word' id='word_1_261' title='bbox 415 2892 560 2945; x_wconf 78' lang='lat' dir='ltr'><strong>reverentia</strong></span> <span class='ocrx_word' id='word_1_262' title='bbox 574 2892 712 2961; x_wconf 81' lang='lat' dir='ltr'><strong>potestatis</strong></span> <span class='ocrx_word' id='word_1_263' title='bbox 729 2892 789 2946; x_wconf 90' lang='lat' dir='ltr'><strong>odia</strong></span> <span class='ocrx_word' id='word_1_264' title='bbox 805 2893 985 2946; x_wconf 76' lang='lat' dir='ltr'><strong>malevolorum</strong></span> <span class='ocrx_word' id='word_1_265' title='bbox 1001 2894 1146 2956; x_wconf 72' lang='lat' dir='ltr'><strong>coercebat,</strong></span> <span class='ocrx_word' id='word_1_266' title='bbox 1163 2908 1219 2944; x_wconf 90' lang='lat' dir='ltr'><strong>curn</strong></span> <span class='ocrx_word' id='word_1_267' title='bbox 1237 2890 1350 2962; x_wconf 82' lang='lat' dir='ltr'><strong>primum</strong></span> 
     </span>
     <span class='ocr_line' id='line_1_29' title="bbox 249 2959 1351 3033; baseline -0.005 -16"><span class='ocrx_word' id='word_1_268' title='bbox 249 2968 359 3017; x_wconf 90' lang='lat' dir='ltr'><strong>nudatus</strong></span> <span class='ocrx_word' id='word_1_269' title='bbox 377 2960 505 3033; x_wconf 88' lang='lat' dir='ltr'><strong>praesidio</strong></span> <span class='ocrx_word' id='word_1_270' title='bbox 521 2960 622 3031; x_wconf 88' lang='lat' dir='ltr'><strong>imperii</strong></span> <span class='ocrx_word' id='word_1_271' title='bbox 636 2960 695 3015; x_wconf 83' lang='lat' dir='ltr'><strong>telis</strong></span> <span class='ocrx_word' id='word_1_272' title='bbox 710 2961 821 3014; x_wconf 85' lang='lat' dir='ltr'><strong>invidiae</strong></span> <span class='ocrx_word' id='word_1_273' title='bbox 843 2961 922 3016; x_wconf 85' lang='lat' dir='ltr'><strong>inerit</strong></span> <span class='ocrx_word' id='word_1_274' title='bbox 945 2962 1076 3025; x_wconf 88' lang='lat' dir='ltr'><strong>obiectus,</strong></span> <span class='ocrx_word' id='word_1_275' title='bbox 1099 2961 1132 3014; x_wconf 91' lang='lat' dir='ltr'><strong>iis</strong></span> <span class='ocrx_word' id='word_1_276' title='bbox 1149 2959 1284 3014; x_wconf 90' lang='lat' dir='ltr'><strong>insultibus</strong></span> <span class='ocrx_word' id='word_1_277' title='bbox 1299 2960 1351 3012; x_wconf 88' lang='lat' dir='ltr'><strong>im-</strong></span> 
     </span>
     <span class='ocr_line' id='line_1_30' title="bbox 250 3028 1352 3103; baseline -0.004 -17"><span class='ocrx_word' id='word_1_278' title='bbox 250 3034 307 3103; x_wconf 85' lang='lat' dir='ltr'><strong>peti</strong></span> <span class='ocrx_word' id='word_1_279' title='bbox 329 3032 370 3085; x_wconf 85' lang='lat' dir='ltr'><strong>vel</strong></span> <span class='ocrx_word' id='word_1_280' title='bbox 392 3032 476 3101; x_wconf 86' lang='lat' dir='ltr'><strong>pelam</strong></span> <span class='ocrx_word' id='word_1_281' title='bbox 499 3031 698 3100; x_wconf 80' lang='lat' dir='ltr'><strong>oppugnantium</strong></span> <span class='ocrx_word' id='word_1_282' title='bbox 714 3030 755 3084; x_wconf 87' lang='lat' dir='ltr'><strong>vei</strong></span> <span class='ocrx_word' id='word_1_283' title='bbox 779 3032 843 3083; x_wconf 87' lang='lat' dir='ltr'><strong>clem</strong></span> <span class='ocrx_word' id='word_1_284' title='bbox 859 3030 997 3084; x_wconf 79' lang='lat' dir='ltr'><strong>faventium</strong></span> <span class='ocrx_word' id='word_1_285' title='bbox 1015 3031 1236 3102; x_wconf 69' lang='lat' dir='ltr'><strong>oppugnantibus,</strong></span> <span class='ocrx_word' id='word_1_286' title='bbox 1253 3028 1352 3098; x_wconf 89' lang='lat' dir='ltr'><strong>quibus</strong></span> 
     </span>
     <span class='ocr_line' id='line_1_31' title="bbox 250 3099 1350 3170; baseline -0.005 -16"><span class='ocrx_word' id='word_1_287' title='bbox 250 3102 336 3167; x_wconf 83' lang='lat' dir='ltr'><strong>salvps</strong></span> <span class='ocrx_word' id='word_1_288' title='bbox 360 3100 427 3153; x_wconf 88' lang='lat' dir='ltr'><strong>hand</strong></span> <span class='ocrx_word' id='word_1_289' title='bbox 449 3099 532 3170; x_wconf 84' lang='lat' dir='ltr'><strong>possit</strong></span> <span class='ocrx_word' id='word_1_290' title='bbox 555 3100 688 3154; x_wconf 85' lang='lat' dir='ltr'><strong>obsistere.</strong></span> <span class='ocrx_word' id='word_1_291' title='bbox 723 3116 788 3166; x_wconf 83' lang='lat' dir='ltr'><strong>quse</strong></span> <span class='ocrx_word' id='word_1_292' title='bbox 809 3117 866 3152; x_wconf 91' lang='lat' dir='ltr'><strong>cum</strong></span> <span class='ocrx_word' id='word_1_293' title='bbox 889 3116 987 3169; x_wconf 85' lang='lat' dir='ltr'><strong>aequos</strong></span> <span class='ocrx_word' id='word_1_294' title='bbox 1009 3107 1037 3154; x_wconf 88' lang='lat' dir='ltr'><strong>et</strong></span> <span class='ocrx_word' id='word_1_295' title='bbox 1052 3100 1183 3170; x_wconf 85' lang='lat' dir='ltr'><strong>sapientes</strong></span> <span class='ocrx_word' id='word_1_296' title='bbox 1197 3114 1282 3151; x_wconf 89' lang='lat' dir='ltr'><strong>omnes</strong></span> <span class='ocrx_word' id='word_1_297' title='bbox 1297 3114 1350 3150; x_wconf 84' lang='lat' dir='ltr'><strong>ae-</strong></span> 
     </span>
     <span class='ocr_line' id='line_1_32' title="bbox 251 3166 1352 3253; baseline -0.004 -32"><span class='ocrx_word' id='word_1_298' title='bbox 251 3170 398 3222; x_wconf 83' lang='lat' dir='ltr'><strong>stimatores</strong></span> <span class='ocrx_word' id='word_1_299' title='bbox 420 3185 504 3222; x_wconf 88' lang='lat' dir='ltr'><strong>rerum</strong></span> <span class='ocrx_word' id='word_1_300' title='bbox 527 3177 648 3236; x_wconf 83' lang='lat' dir='ltr'><strong>reputare</strong></span> <span class='ocrx_word' id='word_1_301' title='bbox 674 3169 742 3253; x_wconf 87' lang='lat' dir='ltr'><strong>apud</strong></span> <span class='ocrx_word' id='word_1_302' title='bbox 764 3186 821 3221; x_wconf 92' lang='lat' dir='ltr'><strong>sese</strong></span> <span class='ocrx_word' id='word_1_303' title='bbox 836 3185 884 3239; x_wconf 86' lang='lat' dir='ltr'><strong>par</strong></span> <span class='ocrx_word' id='word_1_304' title='bbox 907 3170 1013 3235; x_wconf 83' lang='lat' dir='ltr'><strong>fuerat,</strong></span> <span class='ocrx_word' id='word_1_305' title='bbox 1036 3175 1089 3222; x_wconf 91' lang='lat' dir='ltr'><strong>tum</strong></span> <span class='ocrx_word' id='word_1_306' title='bbox 1106 3188 1163 3222; x_wconf 89' lang='lat' dir='ltr'><strong>euru</strong></span> <span class='ocrx_word' id='word_1_307' title='bbox 1179 3167 1281 3220; x_wconf 80' lang='lat' dir='ltr'><strong>maxime</strong></span> <span class='ocrx_word' id='word_1_308' title='bbox 1297 3166 1352 3234; x_wconf 86' lang='lat' dir='ltr'><strong>qui</strong></span> 
     </span>
     <span class='ocr_line' id='line_1_33' title="bbox 252 3233 1352 3308; baseline -0.002 -18"><span class='ocrx_word' id='word_1_309' title='bbox 252 3255 293 3290; x_wconf 87' lang='lat' dir='ltr'><strong>rue</strong></span> <span class='ocrx_word' id='word_1_310' title='bbox 309 3252 356 3289; x_wconf 89' lang='lat' dir='ltr'><strong>sno</strong></span> <span class='ocrx_word' id='word_1_311' title='bbox 375 3236 473 3304; x_wconf 86' lang='lat' dir='ltr'><strong>ipsein</strong></span> <span class='ocrx_word' id='word_1_312' title='bbox 490 3237 579 3308; x_wconf 87' lang='lat' dir='ltr'><strong>primis</strong></span> <span class='ocrx_word' id='word_1_313' title='bbox 596 3240 721 3308; x_wconf 78' lang='lat' dir='ltr'><strong>suffragan</strong></span> <span class='ocrx_word' id='word_1_314' title='bbox 739 3238 772 3291; x_wconf 93' lang='lat' dir='ltr'><strong>ad</strong></span> <span class='ocrx_word' id='word_1_315' title='bbox 790 3238 922 3308; x_wconf 88' lang='lat' dir='ltr'><strong>imperium</strong></span> <span class='ocrx_word' id='word_1_316' title='bbox 941 3238 1077 3303; x_wconf 78' lang='lat' dir='ltr'><strong>extulerit,</strong></span> <span class='ocrx_word' id='word_1_317' title='bbox 1101 3239 1151 3292; x_wconf 88' lang='lat' dir='ltr'><strong>boc</strong></span> <span class='ocrx_word' id='word_1_318' title='bbox 1167 3243 1205 3291; x_wconf 86' lang='lat' dir='ltr'><strong>est</strong></span> <span class='ocrx_word' id='word_1_319' title='bbox 1220 3233 1352 3288; x_wconf 80' lang='lat' dir='ltr'><strong>invidioso</strong></span> 
     </span>
     <span class='ocr_line' id='line_1_34' title="bbox 252 3304 1355 3379; baseline 0 -22"><span class='ocrx_word' id='word_1_320' title='bbox 252 3314 281 3357; x_wconf 89' lang='lat' dir='ltr'><strong>et</strong></span> <span class='ocrx_word' id='word_1_321' title='bbox 296 3305 481 3359; x_wconf 80' lang='lat' dir='ltr'><strong>offensionibus</strong></span> <span class='ocrx_word' id='word_1_322' title='bbox 498 3307 614 3379; x_wconf 77' lang='lat' dir='ltr'><strong>exposito</strong></span> <span class='ocrx_word' id='word_1_323' title='bbox 630 3306 785 3379; x_wconf 85' lang='lat' dir='ltr'><strong>implicuerit</strong></span> <span class='ocrx_word' id='word_1_324' title='bbox 806 3307 919 3376; x_wconf 81' lang='lat' dir='ltr'><strong>negotio.</strong></span> <span class='ocrx_word' id='word_1_325' title='bbox 953 3307 1021 3360; x_wconf 90' lang='lat' dir='ltr'><strong>unde</strong></span> <span class='ocrx_word' id='word_1_326' title='bbox 1043 3307 1125 3377; x_wconf 79' lang='grc' dir='ltr'><strong><em>ἱρεῖαι</em></strong></span> <span class='ocrx_word' id='word_1_327' title='bbox 1141 3317 1182 3361; x_wconf 89' lang='lat' dir='ltr'><strong>est</strong></span> <span class='ocrx_word' id='word_1_328' title='bbox 1193 3304 1261 3358; x_wconf 85' lang='lat' dir='ltr'><strong>tueri</strong></span> <span class='ocrx_word' id='word_1_329' title='bbox 1276 3305 1355 3374; x_wconf 86' lang='lat' dir='ltr'><strong>quod</strong></span> 
     </span>
     <span class='ocr_line' id='line_1_35' title="bbox 251 3373 1355 3446; baseline 0.001 -19"><span class='ocrx_word' id='word_1_330' title='bbox 251 3373 333 3438; x_wconf 81' lang='lat' dir='ltr'><strong>iecit,</strong></span> <span class='ocrx_word' id='word_1_331' title='bbox 351 3390 401 3425; x_wconf 92' lang='lat' dir='ltr'><strong>non</strong></span> <span class='ocrx_word' id='word_1_332' title='bbox 422 3375 548 3427; x_wconf 81' lang='lat' dir='ltr'><strong>autemid</strong></span> <span class='ocrx_word' id='word_1_333' title='bbox 566 3393 657 3445; x_wconf 81' lang='lat' dir='ltr'><strong>agere,</strong></span> <span class='ocrx_word' id='word_1_334' title='bbox 682 3395 740 3430; x_wconf 88' lang='lat' dir='ltr'><strong>mee</strong></span> <span class='ocrx_word' id='word_1_335' title='bbox 763 3376 972 3430; x_wconf 71' lang='lat' dir='ltr'><strong>exauctoratione</strong></span> <span class='ocrx_word' id='word_1_336' title='bbox 994 3376 1156 3446; x_wconf 89' lang='lat' dir='ltr'><strong>procuranda</strong></span> <span class='ocrx_word' id='word_1_337' title='bbox 1178 3383 1206 3428; x_wconf 89' lang='lat' dir='ltr'><strong>et</strong></span> <span class='ocrx_word' id='word_1_338' title='bbox 1228 3390 1275 3444; x_wconf 89' lang='lat' dir='ltr'><strong>per</strong></span> <span class='ocrx_word' id='word_1_339' title='bbox 1292 3391 1355 3428; x_wconf 82' lang='lat' dir='ltr'><strong>eam</strong></span> 
     </span>
     <span class='ocr_line' id='line_1_36' title="bbox 252 3443 1354 3517; baseline 0 -22"><span class='ocrx_word' id='word_1_340' title='bbox 252 3444 279 3495; x_wconf 88' lang='lat' dir='ltr'><strong>in</strong></span> <span class='ocrx_word' id='word_1_341' title='bbox 296 3459 337 3493; x_wconf 82' lang='lat' dir='ltr'><strong>nne</strong></span> <span class='ocrx_word' id='word_1_342' title='bbox 354 3443 475 3495; x_wconf 83' lang='lat' dir='ltr'><strong>armanda</strong></span> <span class='ocrx_word' id='word_1_343' title='bbox 491 3443 589 3497; x_wconf 72' lang='lat' dir='ltr'><strong>invidia</strong></span> <span class='ocrx_word' id='word_1_344' title='bbox 606 3446 775 3511; x_wconf 83' lang='lat' dir='ltr'><strong>aemulorum,</strong></span> <span class='ocrx_word' id='word_1_345' title='bbox 801 3454 922 3515; x_wconf 87' lang='lat' dir='ltr'><strong>atquem</strong></span> <span class='ocrx_word' id='word_1_346' title='bbox 939 3444 1031 3517; x_wconf 73' lang='lat' dir='ltr'><strong>detulit</strong></span> <span class='ocrx_word' id='word_1_347' title='bbox 1048 3463 1181 3515; x_wconf 89' lang='lat' dir='ltr'><strong>supremus</strong></span> <span class='ocrx_word' id='word_1_348' title='bbox 1198 3445 1295 3509; x_wconf 87' lang='lat' dir='ltr'><strong>bonor,</strong></span> <span class='ocrx_word' id='word_1_349' title='bbox 1323 3443 1354 3496; x_wconf 90' lang='lat' dir='ltr'><strong>in</strong></span> 
     </span>
     <span class='ocr_line' id='line_1_37' title="bbox 252 3512 1355 3584; baseline 0 -20"><span class='ocrx_word' id='word_1_350' title='bbox 252 3518 392 3564; x_wconf 83' lang='lat' dir='ltr'><strong>extremum</strong></span> <span class='ocrx_word' id='word_1_351' title='bbox 410 3512 469 3563; x_wconf 88' lang='lat' dir='ltr'><strong>mibi</strong></span> <span class='ocrx_word' id='word_1_352' title='bbox 492 3522 609 3566; x_wconf 79' lang='lat' dir='ltr'><strong>vertetur</strong></span> <span class='ocrx_word' id='word_1_353' title='bbox 631 3514 744 3568; x_wconf 82' lang='lat' dir='ltr'><strong>exitium.</strong></span> <span class='ocrx_word' id='word_1_354' title='bbox 779 3512 840 3584; x_wconf 85' lang='lat' dir='ltr'><strong>qnid</strong></span> <span class='ocrx_word' id='word_1_355' title='bbox 856 3514 922 3567; x_wconf 87' lang='lat' dir='ltr'><strong>enim</strong></span> <span class='ocrx_word' id='word_1_356' title='bbox 938 3515 1067 3568; x_wconf 88' lang='lat' dir='ltr'><strong>attinebat</strong></span> <span class='ocrx_word' id='word_1_357' title='bbox 1092 3516 1118 3567; x_wconf 92' lang='lat' dir='ltr'><strong>in</strong></span> <span class='ocrx_word' id='word_1_358' title='bbox 1135 3530 1258 3568; x_wconf 83' lang='lat' dir='ltr'><strong>summurn</strong></span> <span class='ocrx_word' id='word_1_359' title='bbox 1275 3512 1355 3565; x_wconf 81' lang='lat' dir='ltr'><strong>iasti-</strong></span> 
     </span>
     <span class='ocr_line' id='line_1_38' title="bbox 252 3579 1355 3662; baseline 0.004 -30"><span class='ocrx_word' id='word_1_360' title='bbox 252 3582 321 3649; x_wconf 76' lang='lat' dir='ltr'><strong>glum</strong></span> <span class='ocrx_word' id='word_1_361' title='bbox 338 3579 447 3662; x_wconf 61' lang='lat' dir='ltr'><strong>anchore</strong></span> <span class='ocrx_word' id='word_1_362' title='bbox 463 3597 538 3649; x_wconf 83' lang='lat' dir='ltr'><strong>quern</strong></span> <span class='ocrx_word' id='word_1_363' title='bbox 556 3582 633 3651; x_wconf 89' lang='lat' dir='ltr'><strong>paulo</strong></span> <span class='ocrx_word' id='word_1_364' title='bbox 660 3589 719 3652; x_wconf 89' lang='lat' dir='ltr'><strong>post</strong></span> <span class='ocrx_word' id='word_1_365' title='bbox 742 3582 769 3635; x_wconf 92' lang='lat' dir='ltr'><strong>in</strong></span> <span class='ocrx_word' id='word_1_366' title='bbox 794 3582 930 3653; x_wconf 88' lang='lat' dir='ltr'><strong>perniciem</strong></span> <span class='ocrx_word' id='word_1_367' title='bbox 953 3584 1066 3637; x_wconf 87' lang='lat' dir='ltr'><strong>ultimam</strong></span> <span class='ocrx_word' id='word_1_368' title='bbox 1082 3584 1221 3637; x_wconf 82' lang='lat' dir='ltr'><strong>detrahere</strong></span> <span class='ocrx_word' id='word_1_369' title='bbox 1241 3582 1302 3635; x_wconf 88' lang='lat' dir='ltr'><strong>iude</strong></span> <span class='ocrx_word' id='word_1_370' title='bbox 1320 3599 1355 3636; x_wconf 79' lang='lat' dir='ltr'><strong>sc</strong></span> 
     </span>
     <span class='ocr_line' id='line_1_39' title="bbox 253 3647 1355 3719; baseline 0.002 -18"><span class='ocrx_word' id='word_1_371' title='bbox 253 3648 422 3719; x_wconf 75' lang='lat' dir='ltr'><strong>praeeipitem</strong></span> <span class='ocrx_word' id='word_1_372' title='bbox 445 3647 558 3701; x_wconf 86' lang='lat' dir='ltr'><strong>deiicere</strong></span> <span class='ocrx_word' id='word_1_373' title='bbox 587 3660 740 3715; x_wconf 84' lang='lat' dir='ltr'><strong>conaretur,</strong></span> <span class='ocrx_word' id='word_1_374' title='bbox 771 3655 843 3707; x_wconf 88' lang='lat' dir='ltr'><strong>tanto</strong></span> <span class='ocrx_word' id='word_1_375' title='bbox 866 3653 984 3706; x_wconf 90' lang='lat' dir='ltr'><strong>miserius</strong></span> <span class='ocrx_word' id='word_1_376' title='bbox 1006 3670 1139 3707; x_wconf 85' lang='lat' dir='ltr'><strong>sensurum</strong></span> <span class='ocrx_word' id='word_1_377' title='bbox 1162 3651 1355 3715; x_wconf 72' lang='lat' dir='ltr'><strong>calamitatuni,</strong></span> 
     </span>
     <span class='ocr_line' id='line_1_40' title="bbox 252 3717 1356 3793; baseline 0.002 -22"><span class='ocrx_word' id='word_1_378' title='bbox 252 3725 350 3789; x_wconf 77' lang='lat' dir='ltr'><strong>quanto</strong></span> <span class='ocrx_word' id='word_1_379' title='bbox 372 3734 428 3769; x_wconf 83' lang='lat' dir='ltr'><strong>eam</strong></span> <span class='ocrx_word' id='word_1_380' title='bbox 445 3734 476 3769; x_wconf 85' lang='lat' dir='ltr'><strong>ex</strong></span> <span class='ocrx_word' id='word_1_381' title='bbox 497 3717 604 3772; x_wconf 77' lang='lat' dir='ltr'><strong>trientis</strong></span> <span class='ocrx_word' id='word_1_382' title='bbox 620 3719 692 3788; x_wconf 91' lang='lat' dir='ltr'><strong>prius</strong></span> <span class='ocrx_word' id='word_1_383' title='bbox 709 3720 861 3789; x_wconf 78' lang='lat' dir='ltr'><strong>degustatae</strong></span> <span class='ocrx_word' id='word_1_384' title='bbox 877 3721 903 3774; x_wconf 90' lang='lat' dir='ltr'><strong>in</strong></span> <span class='ocrx_word' id='word_1_385' title='bbox 927 3738 1046 3792; x_wconf 84' lang='lat' dir='ltr'><strong>suprema</strong></span> <span class='ocrx_word' id='word_1_386' title='bbox 1070 3726 1201 3793; x_wconf 84' lang='lat' dir='ltr'><strong>potestate</strong></span> <span class='ocrx_word' id='word_1_387' title='bbox 1217 3719 1356 3774; x_wconf 74' lang='lat' dir='ltr'><strong>felicitatis</strong></span> 
     </span>
     <span class='ocr_line' id='line_1_41' title="bbox 252 3734 1356 3870; baseline 0.001 -30"><span class='ocrx_word' id='word_1_388' title='bbox 252 3787 415 3870; x_wconf 45' lang='lat' dir='ltr'><strong>acerbiorem·</strong></span> <span class='ocrx_word' id='word_1_389' title='bbox 425 3734 699 3858; x_wconf 76' lang='lat' dir='ltr'><strong>intoierabilioremque</strong></span> <span class='ocrx_word' id='word_1_390' title='bbox 723 3789 884 3844; x_wconf 70' lang='lat' dir='ltr'><strong>reddiderit?</strong></span> <span class='ocrx_word' id='word_1_391' title='bbox 907 3800 1012 3861; x_wconf 85' lang='lat' dir='ltr'><strong>praeter</strong></span> <span class='ocrx_word' id='word_1_392' title='bbox 1039 3792 1124 3856; x_wconf 85' lang='lat' dir='ltr'><strong>haec,</strong></span> <span class='ocrx_word' id='word_1_393' title='bbox 1140 3791 1164 3844; x_wconf 94' lang='lat' dir='ltr'><strong>si</strong></span> <span class='ocrx_word' id='word_1_394' title='bbox 1180 3789 1249 3862; x_wconf 91' lang='lat' dir='ltr'><strong>quod</strong></span> <span class='ocrx_word' id='word_1_395' title='bbox 1266 3791 1356 3842; x_wconf 77' lang='lat' dir='ltr'><strong>bama·</strong></span> 
     </span>
     <span class='ocr_line' id='line_1_42' title="bbox 252 3856 1357 3929; baseline 0.003 -20"><span class='ocrx_word' id='word_1_396' title='bbox 252 3873 312 3909; x_wconf 87' lang='lat' dir='ltr'><strong>num</strong></span> <span class='ocrx_word' id='word_1_397' title='bbox 329 3872 431 3909; x_wconf 84' lang='lat' dir='ltr'><strong>rnsrons</strong></span> <span class='ocrx_word' id='word_1_398' title='bbox 448 3856 566 3908; x_wconf 88' lang='lat' dir='ltr'><strong>momenti</strong></span> <span class='ocrx_word' id='word_1_399' title='bbox 581 3859 709 3927; x_wconf 80' lang='lat' dir='ltr'><strong>negotium</strong></span> <span class='ocrx_word' id='word_1_400' title='bbox 727 3860 790 3911; x_wconf 88' lang='lat' dir='ltr'><strong>deus</strong></span> <span class='ocrx_word' id='word_1_401' title='bbox 814 3859 938 3928; x_wconf 83' lang='lat' dir='ltr'><strong>peculiari</strong></span> <span class='ocrx_word' id='word_1_402' title='bbox 960 3878 1023 3914; x_wconf 90' lang='lat' dir='ltr'><strong>cura</strong></span> <span class='ocrx_word' id='word_1_403' title='bbox 1044 3861 1180 3929; x_wconf 80' lang='lat' dir='ltr'><strong>dignetur,</strong></span> <span class='ocrx_word' id='word_1_404' title='bbox 1196 3859 1357 3913; x_wconf 81' lang='lat' dir='ltr'><strong>erectionem</strong></span> 
     </span>
     <span class='ocr_line' id='line_1_43' title="bbox 253 3923 1358 4001; baseline 0.002 -23"><span class='ocrx_word' id='word_1_405' title='bbox 253 3924 360 3979; x_wconf 88' lang='lat' dir='ltr'><strong>alicuius</strong></span> <span class='ocrx_word' id='word_1_406' title='bbox 375 3926 402 3977; x_wconf 91' lang='lat' dir='ltr'><strong>in</strong></span> <span class='ocrx_word' id='word_1_407' title='bbox 420 3923 553 3993; x_wconf 89' lang='lat' dir='ltr'><strong>imperium</strong></span> <span class='ocrx_word' id='word_1_408' title='bbox 570 3943 624 3979; x_wconf 90' lang='lat' dir='ltr'><strong>rern</strong></span> <span class='ocrx_word' id='word_1_409' title='bbox 647 3943 720 3992; x_wconf 86' lang='lat' dir='ltr'><strong>esse,</strong></span> <span class='ocrx_word' id='word_1_410' title='bbox 745 3927 835 3997; x_wconf 83' lang='lat' dir='ltr'><strong>utique</strong></span> <span class='ocrx_word' id='word_1_411' title='bbox 858 3926 899 3981; x_wconf 87' lang='lat' dir='ltr'><strong>cui</strong></span> <span class='ocrx_word' id='word_1_412' title='bbox 921 3945 1024 4001; x_wconf 89' lang='lat' dir='ltr'><strong>semper</strong></span> <span class='ocrx_word' id='word_1_413' title='bbox 1046 3930 1201 3983; x_wconf 82' lang='lat' dir='ltr'><strong>interveniat</strong></span> <span class='ocrx_word' id='word_1_414' title='bbox 1214 3927 1358 3982; x_wconf 84' lang='lat' dir='ltr'><strong>studiosior</strong></span> 
     </span>
     <span class='ocr_line' id='line_1_44' title="bbox 252 3992 1359 4069; baseline 0.001 -20"><span class='ocrx_word' id='word_1_415' title='bbox 252 3994 341 4066; x_wconf 85' lang='lat' dir='ltr'><strong>aliqua</strong></span> <span class='ocrx_word' id='word_1_416' title='bbox 358 3992 465 4046; x_wconf 85' lang='lat' dir='ltr'><strong>numinis</strong></span> <span class='ocrx_word' id='word_1_417' title='bbox 481 3994 657 4063; x_wconf 85' lang='lat' dir='ltr'><strong>providentia,</strong></span> <span class='ocrx_word' id='word_1_418' title='bbox 673 3997 749 4066; x_wconf 79' lang='lat' dir='ltr'><strong>vulgo</strong></span> <span class='ocrx_word' id='word_1_419' title='bbox 766 4004 793 4049; x_wconf 91' lang='lat' dir='ltr'><strong>et</strong></span> <span class='ocrx_word' id='word_1_420' title='bbox 810 3998 900 4050; x_wconf 88' lang='lat' dir='ltr'><strong>merito</strong></span> <span class='ocrx_word' id='word_1_421' title='bbox 916 3998 1097 4056; x_wconf 82' lang='lat' dir='ltr'><strong>existunsmus.</strong></span> <span class='ocrx_word' id='word_1_422' title='bbox 1131 3999 1200 4069; x_wconf 89' lang='lat' dir='ltr'><strong>quod</strong></span> <span class='ocrx_word' id='word_1_423' title='bbox 1216 3997 1298 4067; x_wconf 80' lang='lat' dir='ltr'><strong>igitur</strong></span> <span class='ocrx_word' id='word_1_424' title='bbox 1313 3996 1359 4050; x_wconf 88' lang='lat' dir='ltr'><strong>di·</strong></span> 
     </span>
     <span class='ocr_line' id='line_1_45' title="bbox 254 4062 1359 4137; baseline 0.003 -21"><span class='ocrx_word' id='word_1_425' title='bbox 254 4065 313 4116; x_wconf 83' lang='lat' dir='ltr'><strong>vino</strong></span> <span class='ocrx_word' id='word_1_426' title='bbox 331 4063 434 4117; x_wconf 89' lang='lat' dir='ltr'><strong>consilio</strong></span> <span class='ocrx_word' id='word_1_427' title='bbox 457 4062 587 4118; x_wconf 86' lang='lat' dir='ltr'><strong>decretum</strong></span> <span class='ocrx_word' id='word_1_428' title='bbox 608 4065 780 4137; x_wconf 83' lang='lat' dir='ltr'><strong>effectumque</strong></span> <span class='ocrx_word' id='word_1_429' title='bbox 803 4065 840 4119; x_wconf 88' lang='lat' dir='ltr'><strong>sit</strong></span> <span class='ocrx_word' id='word_1_430' title='bbox 860 4083 986 4122; x_wconf 79' lang='lat' dir='ltr'><strong>revocare</strong></span> <span class='ocrx_word' id='word_1_431' title='bbox 1009 4086 1041 4123; x_wconf 87' lang='lat' dir='ltr'><strong>ae</strong></span> <span class='ocrx_word' id='word_1_432' title='bbox 1063 4067 1212 4122; x_wconf 85' lang='lat' dir='ltr'><strong>rescindere</strong></span> <span class='ocrx_word' id='word_1_433' title='bbox 1228 4066 1359 4120; x_wconf 71' lang='lat' dir='ltr'><strong>bominem</strong></span> 
     </span>
     <span class='ocr_line' id='line_1_46' title="bbox 255 4132 1361 4217; baseline 0.003 -31"><span class='ocrx_word' id='word_1_434' title='bbox 255 4132 361 4199; x_wconf 80' lang='lat' dir='ltr'><strong>ceneri,</strong></span> <span class='ocrx_word' id='word_1_435' title='bbox 386 4132 443 4217; x_wconf 78' lang='lat' dir='ltr'><strong>quis</strong></span> <span class='ocrx_word' id='word_1_436' title='bbox 466 4149 516 4185; x_wconf 92' lang='lat' dir='ltr'><strong>non</strong></span> <span class='ocrx_word' id='word_1_437' title='bbox 540 4135 612 4188; x_wconf 84' lang='lat' dir='ltr'><strong>ridet</strong></span> <span class='ocrx_word' id='word_1_438' title='bbox 636 4152 712 4206; x_wconf 86' lang='lat' dir='ltr'><strong>qnam</strong></span> <span class='ocrx_word' id='word_1_439' title='bbox 743 4134 923 4204; x_wconf 86' lang='lat' dir='ltr'><strong>temerarium,</strong></span> <span class='ocrx_word' id='word_1_440' title='bbox 950 4155 1029 4208; x_wconf 87' lang='lat' dir='ltr'><strong>quam</strong></span> <span class='ocrx_word' id='word_1_441' title='bbox 1059 4137 1197 4193; x_wconf 87' lang='lat' dir='ltr'><strong>insolenter</strong></span> <span class='ocrx_word' id='word_1_442' title='bbox 1221 4151 1361 4204; x_wconf 60' lang='lat' dir='ltr'><strong>amoenus,</strong></span> 
     </span>
     <span class='ocr_line' id='line_1_47' title="bbox 254 4202 1360 4276; baseline 0.005 -23"><span class='ocrx_word' id='word_1_443' title='bbox 254 4218 330 4270; x_wconf 86' lang='lat' dir='ltr'><strong>quam</strong></span> <span class='ocrx_word' id='word_1_444' title='bbox 347 4203 458 4274; x_wconf 80' lang='lat' dir='ltr'><strong>deniqne</strong></span> <span class='ocrx_word' id='word_1_445' title='bbox 474 4203 626 4258; x_wconf 80' lang='lat' dir='ltr'><strong>audentibus</strong></span> <span class='ocrx_word' id='word_1_446' title='bbox 640 4202 810 4276; x_wconf 82' lang='lat' dir='ltr'><strong>periculosum</strong></span> <span class='ocrx_word' id='word_1_447' title='bbox 826 4205 927 4260; x_wconf 84' lang='lat' dir='ltr'><strong>censeri</strong></span> <span class='ocrx_word' id='word_1_448' title='bbox 943 4205 1057 4262; x_wconf 76' lang='lat' dir='ltr'><strong>debenti</strong></span> <span class='ocrx_word' id='word_1_449' title='bbox 1081 4207 1147 4262; x_wconf 82' lang='lat' dir='ltr'><strong>baec</strong></span> <span class='ocrx_word' id='word_1_450' title='bbox 1162 4204 1295 4260; x_wconf 85' lang='lat' dir='ltr'><strong>vobiscum</strong></span> <span class='ocrx_word' id='word_1_451' title='bbox 1310 4220 1360 4258; x_wconf 86' lang='lat' dir='ltr'><strong>re-</strong></span> 
     </span>
    </p>
   </div>
   <div class='ocr_carea' id='block_1_5' title="bbox 0 0 1526 4840">
    <p class='ocr_par' dir='ltr' id='par_1_5' title="bbox 0 0 1526 4840">
     <span class='ocr_line' id='line_1_48' title="bbox 0 0 1526 4840; baseline 0 0"><span class='ocrx_word' id='word_1_452' title='bbox 0 0 1526 4840; x_wconf 95' lang='lat' dir='ltr'><strong> </strong></span> 
     </span>
    </p>
   </div>
  </div>
 </body>
</html>
