3046 4838
239 307 314 380 478
552 304 729 374 GEORGII
752 304 1014 373 Pacatulam
1046 340 1059 361 t

184 484 189 501 ’
239 474 356 560 (ποτόμι’
371 476 493 553 ίκιίνοις
504 477 554 542 καί
567 476 622 561 τὴν
636 472 850 543 συνοίσουσαν.
901 475 934 540 τί
948 474 983 542 eri
1000 474 1165 559 ἐντεῦθεν,
1187 472 1270 561 μάχη
1284 503 1335 555 τις

202 597 229 652 Ε
245 582 296 650 lu'
320 580 357 647 οδ
380 581 509 662 καιρίως
527 583 579 644 καί
605 582 771 665 φιλονεικία
793 579 983 645 συνίσταται.
1042 577 1079 644 τὸ
1099 579 1134 643 δὲ
1155 585 1208 662 τῆς
1226 578 1333 663 μάχης

243 680 408 770 κεφάλαιον
422 679 471 748 ὅτι
484 689 637 748 κινοῦνται
650 680 799 767 δόγματα.
849 682 959 763 μίλεοι,
988 676 1054 746 citu
1069 677 1145 762 ῦμῖν
1157 685 1214 764 μίν
1227 685 1329 769 ἐφεῖτο

240 790 271 865 ἐς
290 784 335 852 ὅτι
352 782 515 870 χρήσασθε
535 780 684 868 δόγμασι,
715 787 766 851 καί
788 784 887 851 electri
909 784 941 859 ἐς
959 780 1044 849 οἶκον
1065 787 1191 868 κυρίου,
1218 785 1333 851 ταύτόν

241 889 278 957 δ’
296 893 387 956 elusio
402 891 450 953 καί
465 884 645 972 δογμάτων,
670 886 727 953 κᾶν
746 885 764 953 ό
773 914 811 953 τι
822 889 951 972 ldyoara·
982 884 1086 963 ἄλλοις
1101 890 1119 952 δ
1125 886 1135 912 ’
1153 887 1211 953 οῦκ
1224 881 1263 972 ἦν
1272 908 1357 971 psa-5

238 998 379 1077 μνῆοθαι
393 988 553 1074 δογμάτων
565 990 820 1075 ἀπολογουμένοις
836 992 902 1072 περὶ
918 986 1093 1073 δογμάτων,
1120 988 1179 1055 νῦν
1189 997 1329 1075 μιμνιῦν-

239 1122 291 1162 ται
313 1090 567 1178 ἀναγκαζόμενοι,
602 1093 732 1161 ἀδικοῖεν
755 1084 819 1176 dv}
851 1091 909 1176 ίγιδ
934 1094 991 1173 μὲν
1018 1091 1074 1156 οὐκ
1096 1089 1192 1175 οίμαι.
1251 1093 1330 1176 πλὴν

238 1199 326 1283 μίχρι
340 1200 390 1263 καὶ
403 1195 505 1262 aducis
519 1202 685 1276 βασιλικῶν
695 1196 798 1267 ἀκοῶν
820 1197 897 1269 τινὲς
918 1194 1032 1277 ἀνῆγον
1047 1194 1084 1260 τδ
1097 1194 1231 1278 ἔγκλημα
1238 1244 1250 1275 ,
1279 1198 1334 1261 καί

135 1323 158 1377 Ρ
175 1320 226 1377 327
241 1302 275 1386 y'
290 1296 448 1385 ιίρηνεόιιν
460 1297 672 1382 ὑπισχνοῦντο,
694 1303 720 1384 el
733 1298 877 1380 βασιλεὺς
892 1295 994 1384 ῥητῶς
1006 1293 1191 1381 προστάσσοι
1205 1299 1253 1380 μὴ
1268 1304 1330 1363 λα·

240 1411 301 1470 iria
315 1403 381 1468 τινὰ
397 1399 555 1487 δόγματα,
588 1401 645 1467 κᾶν
658 1399 709 1468 οἶα
726 1407 777 1467 καὶ
794 1402 877 1476 ὅπως
898 1402 992 1484 λίγοι.Ι
1038 1397 1167 1481 όμίντσι
1179 1423 1212 1483 γε
1226 1405 1325 1480 βασι·
1335 1417 1372 1469 10

240 1506 506 1588 tricationum
531 1507 580 1569 καί
608 1506 663 1589 την
685 1502 806 1589 εἰρήνην
828 1505 962 1582 ἐκείνων,
998 1503 1192 1586 δυσχεραίνων
1215 1503 1249 1567 δὲ
1270 1505 1324 1567 καί

239 1610 296 1693 τὴν
313 1608 451 1690 αἴτησιν,
485 1608 638 1673 ἐκτίθεται
661 1606 801 1692 δόγματα
818 1605 995 1693 γράμμασι,
1023 1608 1130 1670 δοκοῦν
1148 1605 1201 1684 μίν
1214 1603 1325 1691 ἀσφα-

241 1715 292 1787 λές
311 1714 417 1798 σφίσιν
436 1709 489 1795 ἐφ’
513 1701 595 1800 ᾧπερ
616 1714 750 1796 ζητοῖεν,
778 1711 878 1787 ἄλλως
899 1707 934 1773 δ’
958 1708 1077 1793 ἔλεγχον
1097 1706 1327 1794 προϊσχόμενον.

241 1821 318 1882 θεοῦ
334 1811 404 1899 γόρ,
431 1812 521 1898 ἔλεγε,
545 1815 769 1897 μνημονευτίον
782 1819 900 1897 μᾶλλον
915 1809 934 1894 ἣ
948 1810 1181 1877 δναπνιιιοτίον.
1229 1811 1331 1897 δόγμα

240 1918 302 2007 ἄρα
315 1914 419 2002 μνήμη
436 1923 524 1984 θεοῦ.
576 1917 612 1984 cd
625 1918 730 2000 μίντοι
746 1942 778 2002 γε
801 1923 863 1984 suiv
884 1920 1012 2002 γραφῶν
1040 1915 1369 2000 contuibilem-1⁵

306 2099 333 2154 t
347 2095 527 2170 χρήσασδυιί

237 2271 296 2325 inde
316 2276 478 2325 consecutum
500 2272 560 2326 esti
585 2271 720 2326 conflatum
742 2286 832 2340 nempe
849 2274 977 2322 certamen
993 2267 1198 2340 intempestivum
1215 2267 1332 2322 commis·

199 2396 208 2413 g
236 2358 342 2411 samque
356 2342 479 2409 iurgium,
496 2343 593 2395 acriter
610 2342 810 2412 repugnantibus
828 2339 909 2392 Vecco
926 2338 1055 2407 plurimis3
1080 2355 1188 2408 quorum
1205 2338 1231 2390 iu
1247 2338 1329 2409 ipsun

236 2410 396 2479 querelarum
418 2410 468 2462 hoc
493 2416 571 2480 caput
591 2421 650 2464 erat
670 2411 738 2480 quod
761 2412 808 2479 per
832 2425 889 2461 eum
913 2416 1075 2461 moverentur
1097 2408 1231 2476 dogmata.
1262 2407 1329 2476 quod

236 2485 288 2530 tam
304 2478 361 2547 ipse
381 2494 457 2545 quam
482 2479 508 2531 el
527 2480 696 2532 adhaerentes
720 2479 787 2531 ῐίκιιι
809 2476 898 2535 hanes
924 2482 1047 2530 sererent.
1081 2476 1211 2531 addebant
1234 2476 1329 2527 “liceat

235 2563 297 2669 22¹2:
313 2545 708 2668 ttbltllllzttttrl?
719 2545 1225 2683 lulllnllltttlttt‘ltttt
1242 2544 1327 2663 fiii?

235 2685 286 2738 tire
309 2700 354 2736 vos
377 2691 405 2736 et
426 2683 495 2753 loqui
513 2684 631 2753 privatim
655 2684 688 2736 de
711 2685 872 2752 dogmatibus
896 2688 925 2736 ut
952 2653 1047 2745 vdltis,
1082 2684 1162 2737 inerit
1183 2681 1323 2733 tolerabile.

234 2752 297 2808 illud
314 2748 492 2820 deprecamurr
510 2758 653 2823 temperate
669 2754 702 2805 ab
720 2754 758 2805 bis
782 2753 1009 2822 disceptationibus
1026 2751 1160 2820 vulgandis
1177 2760 1203 2805 et
1218 2752 1326 2803 tarben-

234 2825 269 2879 da
285 2821 446 2892 simplicitate
462 2821 533 2874 rudis
550 2821 636 2892 populi
653 2822 787 2875 bonafide
804 2822 902 2883 traditis
925 2820 1136 2892 requiescerem
1170 2821 1219 2875 bae
1233 2820 1326 2872 multo·

234 2910 290 2947 rum
312 2908 389 2945 voces
412 2890 579 2944 audiebantur
605 2891 739 2944 occasione
768 2891 920 2960 ecriptorum
946 2890 1040 2957 venei,
1063 2890 1092 2942 in
1114 2891 1207 2961 quibua
1224 2898 1252 2942 et
1267 2886 1328 2942 iliad

234 2962 338 3032 quidam
356 2961 587 3031 reprehendebant,
610 2961 677 3029 quod
694 2960 721 3013 ia
738 2960 770 3014 iia
787 2960 872 3030 iniqua
894 2959 1039 3013 conditione
1066 2967 1194 3013 σεσίτισται
1210 2976 1267 3012 cum
1284 2958 1332 3011 ad·

233 3029 355 3084 versariis
371 3037 532 3099 capesseret,
550 3029 695 3099 disceptans
709 3030 765 3099 ipae
781 3029 813 3082 de
829 3032 962 3097 dogmate,
985 3045 1037 3098 qua
1059 3028 1093 3080 de
1117 3046 1145 3081 re
1159 3029 1259 3081 sciebat
1273 3026 1331 3079 eliis

236 3098 364 3154 silentium
380 3099 506 3153 indictum.
540 3097 567 3151 in
586 3116 636 3169 quo
653 3101 676 3151 si
692 3117 737 3151 eos
754 3099 879 3150 lacessere
898 3106 1025 3168 pergeret,
1042 3104 1070 3150 et
1085 3096 1104 3148 ii
1121 3114 1167 3167 pro
1183 3095 1329 3149 necessarie

236 3168 440 3238 propugnatione
455 3174 575 3238 receptae
593 3168 724 3222 doctrinae
743 3167 893 3220 mentionem
915 3168 941 3219 in
957 3167 1131 3237 respondendo
1146 3168 1231 3222 fecere
1247 3180 1329 3230 onge-

234 3244 324 3289 rentur
348 3235 510 3304 dogmatum,
533 3255 566 3290 au
590 3243 679 3291 contra
701 3236 863 3289 interdictum
886 3243 993 3304 egerent
1008 3244 1037 3288 et
1052 3236 1106 3287 iure
1124 3232 1327 3287 mulctarentur?

234 3305 351 3374 equidem
368 3305 436 3359 band
453 3306 612 3360 crediderim.
646 3305 708 3358 illud
725 3304 801 3368 scio,
825 3303 939 3375 perlatas
961 3321 1043 3374 usque
1065 3304 1097 3358 ad
1114 3319 1186 3358 aures
1202 3300 1328 3383 principie

234 3372 410 3426 accusationes
434 3392 465 3428 eo
490 3377 588 3430 nomine
611 3373 733 3428 adversus
758 3375 868 3427 Veccam
892 3373 1067 3438 anennullie,
1092 3372 1266 3444 pollicentibus
1283 3387 1331 3421 ac·

252 3441 366 3494 uicturos
383 3459 441 3495 eree
456 3461 532 3514 porro
548 3445 598 3498 iam
613 3444 719 3496 statutio
742 3450 769 3497 et
792 3443 897 3512 inpaee
913 3442 1049 3514 tranquille
1070 3441 1238 3513 perstituros,
1253 3440 1330 3492 modo

234 3460 331 3565 diserte
353 3519 454 3565 vetaret
476 3513 617 3583 imperator
641 3529 674 3566 ne
695 3511 829 3582 quiequam
852 3512 879 3564 in
902 3511 936 3565 iis
959 3529 1025 3583 quae
1048 3512 1169 3582 deinceps
1193 3511 1331 3564 ederentur

233 3578 339 3648 scriptis
360 3579 451 3647 dogma
474 3582 555 3664 ipsum
575 3580 729 3650 attingeret,
752 3596 841 3651 pacem
864 3582 932 3634 tueri
955 3600 987 3634 ac
1012 3586 1083 3633 recte
1106 3582 1225 3651 iusteque
1241 3580 1331 3633 initam

232 3646 507 3772 llllztllall‘
524 3650 765 3772 'lltrttt‘t
780 3649 1332 3773 ”ffidliliidillei‘ffllffimffii

231 3787 349 3857 amplexu
373 3736 444 3857 ppei,
467 3738 619 3857 migdopere
644 3793 762 3857 optaret,
785 3737 833 3841 dec
857 3794 942 3842 umen
965 3739 1088 3872 pirobaret
1109 3789 1178 3856 quod
1200 3790 1331 3859 petebant.

231 3856 358 3925 ingratam
382 3857 528 3926 petitionem
552 3856 628 3909 elusit
644 3856 770 3925 vulgando
794 3857 911 3927 ambiguo
935 3860 1033 3922 edicto,
1058 3875 1185 3927 quocum
1201 3857 1331 3911 viderem

231 3942 336 3978 securos
359 3942 404 3979 eos
421 3934 541 3997 quantum
559 3941 623 3992 opus
640 3933 698 3978 erat
714 3925 822 3979 reddere
838 3943 917 3997 super
930 3945 961 3981 eo
977 3926 1045 3998 quod
1062 3936 1260 3997 proposuerant,
1277 3926 1331 3979 cal·

229 3994 284 4047 lide
301 4011 330 4047 se
347 4002 433 4048 tanea
458 3995 617 4048 subducebat
640 3993 751 4047 invidiae
774 3997 934 4079 querelisque
950 3996 1033 4079 partia
1050 3998 1211 4061 contrariae;
1228 3995 1289 4066 quia
1304 3994 1330 4048 ei

229 4063 306 4115 etiam
323 4080 352 4116 aa
368 4063 559 4117 commendabat
585 4079 679 4116 arcana
696 4063 820 4117 submitte
844 4065 1007 4135 sugillatione
1028 4065 1117 4119 borum
1134 4065 1247 4136 ipsorum
1266 4080 1330 4133 quas

229 4130 333 4197 placare
350 4137 412 4184 tuno
430 4133 496 4184 velle
512 4129 654 4184 videbatur.
690 4133 754 4185 baec
772 4133 837 4187 enim
856 4140 913 4187 erat
929 4134 1008 4189 edicti
1023 4135 1166 4191 tentantia:
1184 4134 1227 4187 dei
1242 4136 1330 4204 utique

230 4197 380 4250 mentionem
397 4198 453 4267 pari
474 4215 531 4250 cum
547 4199 716 4269 respiratione
732 4203 878 4272 frequentia
891 4202 982 4256 iterari
999 4203 1039 4256 ias
1050 4205 1140 4274 fasque
1151 4222 1218 4259 esse.
1248 4220 1335 4274 qnare

228 4264 370 4333 dogmatis,
394 4266 463 4334 quod
479 4266 522 4319 dei
545 4267 667 4321 memoris
688 4268 882 4336 contineretur,
906 4271 1088 4342 professionem
1111 4273 1177 4328 adeo
1193 4289 1244 4327 uon
1266 4290 1286 4327 s
1298 4289 1331 4325 se
