2966 4852
261 901 315 988 P.
357 896 623 989 POSSINI
665 897 1061 1001 DEDIGATIO.

569 1065 773 1076 ---—--...-

398 1118 619 1230 seueras
652 1163 923 1233 nnnoarae

118 1269 1204 1390 URBANlVlll.

319 1430 545 1505 SUMMI
592 1424 998 1507 PONTIFICIS

38 1580 39 1617 1
171 1542 583 1632 GEORGIUS
638 1544 1144 1634 PAGHYMERES

240 1678 375 1742 Ettts
410 1668 732 1741 BEttssFtcto
765 1673 1084 1746 Rttttlvlvus

400 1772 695 1829 mnoarrnua
728 1774 931 1830 arsuras.

109 1872 318 1997 synagogae
342 1913 447 1979 veteris
472 1915 662 2000 pontificibus
688 1936 792 1980 sacrae
816 1916 920 1980 literae
945 1926 1118 1981 memorant
1144 1917 1207 1982 sin-

109 2016 211 2097 gulari
241 2014 391 2100 privilegio
417 2017 575 2099 tributum,
607 2029 640 2080 ut
666 2029 764 2081 morte
793 2038 847 2081 sua
875 2017 1042 2106 panderent
1074 2018 1204 2083 reditum

109 2119 263 2181 exulibus.
301 2118 367 2204 plus
391 2140 485 2205 posse
509 2140 608 2183 novae
633 2119 707 2200 legis
733 2130 764 2183 et
785 2109 895 2184 Christi
916 2121 1059 2185 ecclesiam
1078 2122 1203 2206 pontill-

108 2240 162 2283 ces
182 2219 307 2283 feliciter
325 2221 464 2306 experior
483 2219 577 2284 hodie
597 2242 615 2283 a
634 2218 699 2296 Te,
729 2221 813 2285 cuius
841 2210 933 2303 gratia
954 2221 1071 2287 dudum
1089 2224 1200 2286 mortui

106 2318 286 2407 iampridem
321 2334 351 2386 et
383 2324 453 2409 ipse
482 2335 617 2405 mortuus
646 2325 746 2387 lucem
774 2323 897 2408 aspicio.
938 2345 1119 2410 propagasse
1146 2346 1211 2391 me.

106 2434 241 2508 putaram
268 2424 364 2489 vitam
395 2428 524 2488 brevem
549 2425 582 2487 in
609 2427 789 2512 posthumae
808 2426 1037 2490 immortalitatis
1055 2426 1198 2512 perenni-

106 2535 208 2605 tatem,
237 2524 396 2589 scribenda
417 2525 493 2589 dum
512 2522 647 2592 viverem
667 2526 791 2590 historia
811 2529 874 2590 mei
894 2528 1054 2625 temporis,
1075 2520 1105 2590 et
1125 2528 1198 2591 actis

106 2646 166 2687 uon
184 2625 317 2707 indiguis
339 2628 459 2708 cognitu
479 2628 696 2715 principatuum
718 2627 863 2711 duorum,
884 2633 991 2718 quibus
1011 2641 1042 2694 et
1063 2651 1120 2691 uos
1141 2628 1197 2690 ali·

106 2725 182 2810 quod
212 2750 391 2815 nomenque
415 2728 563 2817 decusque
590 2753 791 2812 gesseramus,
818 2755 857 2796 ex
877 2735 995 2797 oculata
1012 2730 1119 2795 notitia
1140 2728 1199 2790 du-

106 2830 171 2914 plici
188 2831 350 2894 volumine
370 2830 545 2913 vulgandis:
566 2830 621 2896 sed
642 2855 733 2920 quam
752 2836 811 2899 sint
831 2837 962 2900 incertae
982 2855 1052 2921 spes
1075 2843 1106 2895 et
1124 2852 1197 2918 pro-

106 2929 254 2996 videntiae
272 2935 425 2997 humanae
444 2956 513 2999 sero
533 2934 731 3020 deprehendi,
758 2950 828 3025 pust
848 2940 963 3003 cineres
982 2937 1109 3000 demum
1127 2954 1197 2996 sen-

105 3030 176 3096 tieus
200 3035 262 3098 ista
292 3035 354 3099 duo
375 3060 394 3100 a
414 3060 465 3102 me
485 3039 582 3120 longis
608 3040 778 3102 elucubrata
797 3040 924 3120 vigiliis,
951 3049 983 3099 at
1003 3055 1110 3121 parum
1129 3036 1197 3097 fau-

105 3133 154 3197 stis
183 3138 326 3222 auspiciis
356 3162 448 3226 opera
477 3163 531 3227 pro
559 3162 627 3203 arce
652 3137 813 3203 Minervae
841 3160 931 3223 quam
957 3136 1002 3201 eis
1022 3134 1194 3223 desponde-

105 3254 182 3316 ruu,
213 3239 293 3302 nihil
326 3242 384 3306 nisi
418 3264 567 3306 carcerem
594 3241 731 3304 Latonae
758 3241 919 3325 reperisse,
950 3240 1003 3304 ubi
1027 3238 1193 3303 tenebrosis

107 3341 258 3403 constricta
277 3343 405 3407 vinculis
425 3348 541 3407 lamam
560 3363 665 3406 secum
685 3363 787 3405 meam
808 3344 968 3409 oblisionis
988 3341 1122 3431 quodmn
1142 3352 1192 3403 tu·
1266 3425 1272 3434 ,

105 3440 186 3501 mulo
205 3443 358 3508 conditam
378 3456 556 3531 premerent.
598 3466 709 3532 nempe
729 3446 779 3508 illa
800 3443 1002 3510 Othomanica
1017 3455 1191 3532 tempestas,

105 3560 182 3623 quae
200 3542 295 3609 deletu
316 3547 444 3633 imperio
465 3545 629 3625 Orientali,
647 3549 802 3632 subiugata
821 3547 1094 3635 Constantinopoli,
1116 3566 1191 3632 opes

103 3640 235 3706 literatus
260 3644 404 3712 Graeciae
431 3652 550 3713 lunesto
570 3651 726 3731 naufragio
754 3651 928 3731 submersit,
958 3672 1047 3714 meae
1067 3667 1189 3735 quoque

102 3741 245 3807 historiae
265 3753 403 3835 exernpla
423 3751 583 3814 barbaricis
596 3751 733 3815 fluctibus
747 3754 895 3839 absorpsit
908 3755 1059 3839 pleraque,
1080 3748 1188 3812 tabulis

102 3842 245 3909 duntaxat
266 3851 387 3926 truncis,
415 3864 445 3917 et
464 3855 595 3940 reliquiis
616 3856 743 3919 exilibus
763 3854 796 3916 in
816 3853 965 3941 quaedam
986 3855 1070 3918 velut
1089 3850 1189 3911 littura

101 3963 134 4006 ut
154 3958 258 4030 portus
277 3949 522 4018 bibliothecarum
542 3957 654 4023 eiectis.
694 3958 802 4021 harum
828 3959 861 4019 in
881 3957 1051 4036 augustana
1078 3970 1190 4027 conge·

100 4058 178 4111 stum
200 4054 353 4116 cumulum
372 4057 448 4119 vidit
468 4058 542 4120 olim
562 4059 719 4138 Wulhus,
747 4059 800 4123 sed
825 4060 910 4123 vetut
926 4057 978 4119 ille
998 4049 1190 4131 evangelicus

100 4147 202 4215 Levita
221 4156 256 4218 iu
276 4178 401 4221 occumu
423 4159 620 4223 Hiericuutini
640 4159 763 4223 viatoris
788 4162 939 4222 latronum
959 4157 1067 4219 iniuria
1087 4144 1191 4223 saucii,
1281 4152 1286 4156 ’

100 4272 166 4318 mm
185 4268 266 4322 esset
285 4279 373 4324 secus
389 4261 492 4324 lorum
509 4273 541 4324 et
555 4259 686 4339 videret,
707 4258 891 4346 pertransiit:
912 4257 985 4341 quid
1005 4251 1089 4315 enim
1108 4242 1190 4307 uliud
