3036 4840
275 342 353 421 654
456 276 464 299 ί
575 339 809 414 OBSERVAT.
833 340 1069 412 Psenmau.

274 502 440 591 Peleoslo'gi
452 496 575 571 montom
586 509 827 592 presvslsnnbus
837 507 920 589 spui
931 505 1138 570 Andronicum
1148 504 1284 568 infmia
1296 508 1385 589 pest.

275 599 329 679 qui
351 607 505 680 postquem
526 616 592 658 sem
614 596 723 657 abillo
744 593 942 674 abrogandam
961 591 1261 673 ntmmpendemquo
1283 614 1383 655 wre-

274 693 362 758 runt,
382 681 469 741 etism
482 680 509 741 ci
522 690 681 741 auserunt
693 691 728 741 ut
745 678 964 761 Acropolitsm,
984 697 1080 739 annm
1099 696 1139 736 cx
1162 677 1382 738 columinibus

275 764 436 828 catholicos
456 767 563 847 partis,
590 765 625 825 in
649 784 796 825 umorem
826 765 979 824 conda-st.
1025 763 1113 823 istsm
1140 762 1196 822 illc
1223 761 1380 823 iniarim

273 872 362 933 quem
379 850 451 909 forti
474 851 591 924 enimc,
618 869 707 929 quem
728 850 842 910 invicte
862 848 1028 908 constantin
1046 845 1171 923 tulerit,
1194 845 1291 908 docet
1308 848 1379 928 epi·

273 936 350 996 'stols
373 936 513 996 Demetrii
532 935 634 993 uetitis
656 934 776 994 Cebscn
793 934 832 995 ed
853 933 949 993 fitium
967 932 1136 993 manetem
1159 931 1293 1007 Grecos,
1315 932 1374 993 sed

273 1020 354 1100 stylo
375 1018 594 1095 semibarbara,
620 1021 749 1098 scripta,
776 1038 816 1080 ex
838 1038 898 1097 qao
918 1037 1017 1097 nuper
1039 1018 1121 1076 cdits
1136 1015 1174 1073 sb
1187 1016 1235 1079 ill.
1253 1018 1370 1077 Attene

275 1105 331 1185 (in
355 1103 526 1164 doctissimo
547 1124 634 1184 opere
654 1103 907 1165 &nonnosum
920 1103 953 1161 in
967 1100 1191 1182 Creyghtoaum
1207 1122 1239 1180 p.
1255 1107 1321 1167 616
1336 1112 1369 1162 et

274 1187 361 1268 seq.)
377 1188 506 1248 auctoris
522 1189 628 1264 vorbis,
649 1199 685 1248 ut
697 1189 733 1247 eb
747 1186 850 1248 eodem
866 1188 931 1247 viro
947 1204 1052 1265 msgm
1066 1185 1170 1245 Latius
1182 1185 1366 1261 reddantur,

273 1275 399 1335 reseram
414 1274 503 1354 plene
515 1272 667 1333 heroicam
681 1272 769 1333 haias
789 1273 849 1333 viri
867 1274 994 1347 fuctum,
1016 1292 1076 1350 qus
1090 1270 1210 1329 abunde
1220 1271 1365 1350 purgabi-

274 1367 328 1418 tur
339 1359 487 1417 columnis
501 1357 551 1417 hic
566 1358 594 1416 ci
607 1358 734 1438 impacta
750 1359 874 1418 laxioris
888 1357 1095 1416 conscientiae.
1137 1355 1291 1432 sicigitur
1305 1358 1365 1416 sits

269 1454 344 1523 post
358 1443 471 1499 multos
480 1443 598 1521 elapsos
609 1464 721 1521 annos,
740 1464 811 1502 cum
821 1441 924 1501 adbuc
937 1443 1038 1500 senior
1054 1439 1215 1525 (Georgius
1228 1444 1365 1519 Acropo-

272 1527 327 1587 lin
340 1526 392 1585 hic
403 1524 521 1607 noster)
543 1529 576 1586 in
593 1527 682 1586 exilio
702 1539 731 1586 et
746 1549 862 1587 carcere
873 1524 1056 1607 perduraret
1078 1545 1177 1582 casua
1197 1524 1363 1603 legationis

268 1623 394 1693 propter
413 1615 553 1670 unionem
578 1632 648 1671 cum
667 1612 820 1672 catholica
844 1614 985 1687 ecclesia,
1009 1610 1184 1689 alloquitur
1197 1612 1363 1689 insperatas

272 1699 317 1759 1).
329 1695 527 1757 Andronicus
532 1697 642 1776 filiurn
660 1699 747 1757 illiue
767 1709 953 1777 caeterosque
969 1707 1094 1754 senatus
1102 1697 1274 1773 principes,
1293 1704 1365 1753 ante

272 1784 387 1840 eumin
403 1783 529 1841 consilio
549 1781 730 1861 assidentes,
756 1784 941 1863 “princepes,
969 1779 1125 1839 videturne
1142 1779 1230 1838 vobis
1248 1779 1363 1838 bonum

273 1877 310 1925 ut
323 1888 468 1947 magnum
482 1867 665 1946 logothetam
677 1867 739 1926 leuc
750 1866 919 1926 adductum
927 1876 1137 1946 pertententur,
1148 1885 1193 1923 an
1205 1865 1363 1922 nobiscum

272 1948 458 2013 conveniat?
472 1963 545 2032 poet
556 1963 600 2010 tot
615 1956 743 2011 carceris
754 1964 783 2010 et
801 1953 886 2011 exilii
900 1972 997 2010 annos
1011 1950 1094 2028 forte
1110 1952 1199 2008 nobis
1216 1949 1363 2029 obtempe-

272 2036 370 2111 rabit,
392 2047 421 2094 et
432 2040 601 2096 coniunctis
610 2040 764 2099 sententiis
775 2038 932 2097 nobiscum
952 2038 1086 2094 concinet
1097 2037 1133 2092 in
1149 2034 1208 2092 lsoc
1219 2035 1363 2092 ecclesia-

271 2141 341 2180 rum
360 2118 507 2194 discidio,
533 2134 561 2180 et
579 2123 692 2181 vitabit
707 2142 806 2181 rerum
825 2124 1033 2201 asperitatem,
1064 2131 1093 2177 et
1110 2118 1196 2198 quod
1213 2130 1258 2178 ter
1272 2129 1359 2177 tanto

270 2205 381 2264 melius
391 2216 448 2285 est,
469 2206 606 2267 libertate
614 2208 801 2288 perfruetur,
821 2219 850 2266 et
862 2204 1068 2266 addecentr‘ori
1082 2224 1160 2263 cura
1175 2205 1266 2263 illiue
1277 2205 1362 2262 uale-

269 2289 376 2348 tudini
389 2289 628 2371 indulgebitur.”
670 2314 770 2352 omnes
791 2314 851 2352 uno
863 2313 914 2351 ore
925 2289 1142 2370 responderunt
1159 2290 1289 2348 “bonurn
1304 2301 1363 2362 eet,

269 2372 397 2453 domine,
409 2386 436 2432 et
446 2380 612 2436 executioni
620 2377 789 2438 mandetur.
810 2375 1358 2437 innotueratuanatttnoxneuus?

266 2460 312 2515 sic
327 2460 434 2536 itaque
455 2480 526 2518 cum
544 2461 784 2541 respondissent,
807 2466 970 2543 imperator
991 2459 1151 2520 mandasti
1165 2470 1200 2515 ut
1215 2456 1354 2515 adduce-

267 2551 365 2616 retur3
394 2562 485 2620 eoque
499 2558 673 2623 praesente,
691 2559 725 2607 ut
747 2550 857 2606 mitius
876 2550 1032 2627 negotium
1056 2545 1269 2623 disponeretur,
1297 2544 1346 2598 sic

266 2645 388 2701 exorsus
401 2636 445 2683 est
460 2632 628 2688 orationem
645 2635 815 2710 imperator.
858 2635 1060 2713 “agnoscisne
1075 2630 1228 2709 principem
1239 2624 1344 2701 ιἸΙιωι,

266 2713 410 2794 quisnam
430 2710 483 2769 ille
500 2713 587 2771 sit?”
610 2725 638 2772 et
661 2713 760 2795 digito
780 2717 1072 2797 monstrnn'tfilium
1086 2717 1155 2773 eius.
1191 2708 1346 2789 responsis

266 2798 318 2856 ille
335 2798 510 2877 imperatori
523 2802 602 2856 “non
614 2820 756 2880 agnosco.
798 2803 827 2861 si
841 2801 923 2883 quid
936 2824 1002 2861 aero
1019 2799 1220 2881 argummtasi
1229 2806 1256 2855 et
1266 2816 1348 2855 ooa-

267 2885 385 2941 iectura
394 2886 536 2963 persequi
555 2881 651 2942 datm
666 2907 700 2944 es
719 2887 784 2944 loco
806 2889 839 2946 in
858 2909 919 2968 quo
935 2885 1083 2963 considet,
1096 2888 1235 2965 princepe
1246 2892 1288 2940 est
1300 2883 1351 2941 tui

266 2970 368 3025 sancti
381 2971 499 3048 imperii
513 2968 678 3029 honoribus
694 2964 863 3032 decoratus.
905 2984 939 3031 at
950 2976 1078 3053 quinam
1091 2971 1144 3030 ille
1163 2976 1206 3029 sit
1219 2965 1354 3029 nondum

267 3054 384 3132 capio.”
426 3052 579 3135 respondit
591 3057 755 3135 imperator
774 3058 882 3138 ‘filim
893 3070 967 3117 tuus
978 3069 1037 3133 est,
1057 3054 1203 3115 dominus
1222 3052 1359 3115 vtato-

268 3156 324 3194 rus
339 3158 473 3218 magnus
484 3140 662 3220 logotheta.”
704 3141 823 3202 abiecta
836 3146 918 3202 ornni
935 3144 1130 3202 cunctatione
1137 3141 1232 3219 filisu
1244 3150 1362 3199 assuri

265 3239 342 3300 gens
352 3220 470 3282 nudato
485 3229 583 3305 capite
590 3237 711 3306 patrem
722 3227 917 3309 aggreditur,
938 3239 967 3287 et
984 3227 1113 3286 mum
1129 3226 1208 3284 ultra
1219 3227 1359 3302 citroque

261 3314 354 3384 pater
370 3316 398 3363 et
408 3309 504 3386 filius
522 3312 584 3370 sibi
602 3307 757 3375 dederunt.
798 3325 865 3372 turn
885 3334 996 3372 rursus
1013 3311 1360 3392 imperatororationem

268 3390 312 3447 ad
331 3410 399 3448 eum
418 3390 528 3452 direxit
534 3420 544 3455 s
569 3398 706 3477 “magne
726 3398 898 3478 logotheta,
918 3419 965 3456 res
984 3401 1031 3457 ita
1050 3395 1218 3456 ceciderunt
1243 3399 1359 3472 coege-

265 3484 397 3553 runtque
414 3487 451 3533 us
471 3479 530 3537 etot
556 3479 632 3539 hoec
651 3484 757 3540 eructa
774 3494 803 3541 ee
821 3486 855 3542 tn
877 3502 1025 3563 mquam
1050 3484 1169 3541 ωαὶιαιι
1190 3476 1360 3542 undamn

156 3571 181 3627 Ρ
196 3566 249 3624 469
266 3578 361 3640 quare
375 3557 464 3618 modo
477 3566 577 3622 visum
593 3576 637 3622 est
649 3567 727 3624 resilii
738 3579 767 3626 et
782 3567 865 3627 bisce
877 3589 978 3627 rerum
987 3567 1254 3648 gubernatoribus,
1275 3576 1311 3623 ut
1328 3577 1360 3624 te

264 3643 327 3704 buc
343 3641 514 3704 adductum
533 3649 753 3729 alloqueremur
764 3650 800 3711 de
813 3674 849 3711 ea
861 3674 894 3711 re
907 3675 984 3733 quae
996 3652 1085 3711 nobis
1100 3650 1181 3710 bona
1193 3663 1287 3730 atque
1298 3649 1361 3709 leo-
1481 3604 1482 3679 i

255 3739 349 3813 ,msto
362 3727 482 3789 videtur
488 3776 499 3806 ,
521 3734 551 3789 si
564 3743 665 3794 tamen
678 3746 737 3796 tua
748 3739 892 3799 voluntas
905 3760 965 3797 non
975 3738 1086 3797 abnuo
1098 3756 1154 3795 nos
1169 3736 1297 3811 nudae,
1318 3747 1358 3794 ut

262 3835 329 3874 una
352 3827 447 3875 mente
469 3828 559 3896 atque
577 3825 727 3880 sententia
755 3824 910 3882 nobiscum
932 3827 1090 3882 convenias
1107 3825 1191 3881 circa
1213 3823 1360 3880 ecelesiae

262 3898 407 3962 dissidia.
448 3901 506 3961 boc
520 3904 600 3963 enim
616 3906 695 3964 mibi
710 3918 739 3965 et
751 3909 825 3987 filio
850 3919 903 3966 tuo
923 3928 1033 3989 magno
1054 3906 1224 3987 bigotbetae
1242 3906 1358 3966 &num

260 3996 422 4064 reputatur
435 3998 463 4045 et
482 3986 602 4063 deoene,
624 4002 660 4048 ut
676 3992 762 4051 nobis
782 3994 977 4072 obtemperes.-
1005 4005 1034 4052 et
1050 3995 1154 4052 omnia
1174 3993 1300 4052 subura
1316 4013 1360 4051 aa

260 4072 380 4147 tristia,
402 4093 481 4152 quae
494 4077 667 4133 necessitate
679 4082 822 4157 temporis
833 4081 867 4137 in
884 4089 912 4137 te
925 4078 1020 4136 illata
1031 4089 1121 4155 sunt,
1143 4076 1359 4140 smabonsest’·

258 4151 312 4211 liic
320 4176 413 4232 porro
428 4156 475 4215 ad
486 4160 695 4237 imperatorem
706 4165 754 4220 ita
768 4164 895 4245 effatur:
916 4164 1038 4222 “swscte
1048 4161 1177 4240 domine,
1194 4182 1355 4241 quaecum-

260 4256 318 4312 que
340 4237 385 4293 ad
402 4260 449 4296 me
468 4246 637 4302 enuntiasti
648 4250 778 4325 percepi.
820 4264 924 4309 oerum
941 4269 1026 4307 nunc
1043 4245 1205 4326 respondeo
1218 4258 1246 4306 et
1253 4249 1353 4324 resim

259 4315 344 4391 ΨΜ
354 4320 434 4403 Μί
446 4325 480 4381 in
496 4328 598 4385 auimo
606 4329 711 4407 fisum
728 4341 781 4392 eet.
822 4336 937 4394 iustues
950 4343 1033 4392 estet
1045 4334 1179 4411 aequius
1190 4342 1229 4390 ut
1242 4342 1352 4391 sancta
