3036 4840
516 334 597 409 uu.
621 332 665 405 ll.
702 335 858 407 NOTAE.
1159 339 1237 413 65⁷

145 520 250 563 vernus
267 498 398 561 auctoris
421 518 541 562 sensnm
560 500 785 581 interpretando
807 500 994 583 expressisse.
1035 501 1122 562 mitto
1138 525 1234 584 qnae-

144 606 212 648 rere
225 587 303 647 unde
315 587 388 646 istas
404 586 527 666 Diogeni
543 586 661 647 tenuo
679 587 775 669 (quod
797 587 915 668 quidem
929 585 1105 667 repererim)
1117 580 1234 667 ignotas

16 716 18 747 ,
144 670 288 732 Heracliti
301 680 331 732 et
345 672 458 751 (lratyli
474 691 597 751 pomae
614 669 748 731 hauserit
769 671 978 752 Pacbymeres3
999 672 1051 752 qui
1065 672 1170 757 utique
1183 676 1233 734 vi-

146 758 224 818 disse
239 758 334 816 multu
348 757 451 835 potnit
473 765 664 815 monumenta
680 756 877 830 Graecorum,
902 776 976 837 quae
995 777 1051 817 nos
1067 757 1177 819 latent:
1203 766 1233 820 et

16 876 18 887 v
145 842 238 903 luisse
253 843 424 916 diligentem
439 841 625 920 antiquitatis
639 839 879 919 investigatorem
891 841 962 901 eatis
975 852 1107 921 apparet.

229 947 263 1007 p.
276 928 339 992 842
355 945 384 988 v.
404 924 435 989 4.
476 928 656 984 monasterio
677 923 747 998 deo,
775 925 825 1004 qui
845 936 909 1002 est,
940 946 1029 983 sacro
1047 929 1142 1001 (nam
1158 928 1234 988 Isaeo

16 1066 19 1097 ,
147 1023 213 1072 erat
225 1011 398 1091 peculiaris
418 1008 529 1070 domus
547 1013 612 1069 eius
628 1008 844 1091 nuncupatio).
873 1011 999 1070 Graece:
1026 1014 1065 1095 τῇ
1078 1035 1156 1155 povq
1177 1014 1236 1076 rosi

16 1154 17 1163 ,
147 1095 235 1170 ὄντος
252 1099 332 1159 θεοῦ
349 1094 411 1179 (τηῖ
423 1090 480 1178 γὰρ
503 1091 566 1159 ’ὄντι
590 1096 701 1176 κνρίως
717 1092 959 1176 προσανέκειτο).
1000 1091 1064 1168 his,
1087 1096 1120 1154 ni
1149 1097 1234 1172 aller,

146 1181 347 1261 significetur,
368 1178 450 1239 istud
468 1180 501 1238 in
522 1200 582 1260 quo
597 1180 773 1239 lilemmidss
788 1180 928 1258 degebat,
951 1179 1161 1239 monasterium
1175 1201 1234 1260 pe·

147 1264 301 1327 culiariter
329 1275 533 1344 nuncupatum
555 1266 646 1326 luisse
665 1267 731 1348 θεῷ
753 1269 797 1350 aqi
816 1263 887 1329 ὅντε.
930 1262 1076 1323 alluditur
1097 1263 1135 1322 ed
1158 1265 1236 1324 illud

146 1349 245 1412 Exodi
262 1353 282 1414 8
297 1348 346 1426 14,
358 1349 444 1409 iuxta
459 1350 553 1424 Lxx,
566 1350 615 1409 dei
627 1348 666 1409 sd
679 1350 802 1429 bloysen
815 1344 871 1432 eye
886 1348 946 1429 είμι
962 1345 982 1411 d
998 1345 1052 1410 o'iv.
1094 1349 1175 1409 unde
1189 1359 1235 1409 est
1250 1358 1273 1415 Ρ
1288 1362 1340 1426 461

16 1432 17 1445 ¹
147 1445 179 1496 et
192 1436 283 1513 Apoc.
299 1439 315 1498 1
333 1431 368 1498 4:
390 1430 475 1516 χάρις
489 1433 563 1515 sipla
576 1432 627 1497 καί
638 1428 743 1517 είρῆνη
758 1431 819 1498 αἴτιοί
837 1440 894 1498 τοῦ
906 1428 986 1497 dciv
997 1438 1051 1495 etc.
1094 1435 1236 1515 proprius

146 1520 290 1580 nimirum
305 1517 458 1579 character
472 1530 595 1579 naturae
612 1519 660 1580 dei
668 1563 678 1596 ,
700 1530 846 1600 quatenus
862 1526 1053 1600 comparatur
1068 1539 1136 1579 cum
1150 1540 1236 1580 cree-

147 1605 203 1681 tis,
228 1613 273 1663 est
286 1623 403 1684 semper
419 1613 449 1663 et
472 1603 637 1664 necessario
656 1604 792 1665 existere.
833 1603 907 1664 huic
923 1623 991 1682 ergo
1003 1604 1133 1684 principi
1152 1604 1238 1682 qussi

148 1690 197 1748 dei
212 1688 356 1750 attributo
368 1688 558 1769 singulariter
576 1689 709 1750 dicatum
721 1690 859 1751 volueret
871 1686 1049 1750 Blemmidas
1066 1708 1154 1749 suum
1168 1710 1237 1749 mo-

146 1773 320 1834 nasterium.
735 1822 738 1827 .

232 1877 264 1938 p·
278 1859 341 1923 ete
351 1876 382 1917 v·
395 1856 427 1924 5.
468 1855 512 1932 είς
525 1858 715 1939 περιποίησιν
727 1879 768 1921 τε.
810 1857 872 1938 agit
884 1857 923 1919 de
939 1864 1058 1919 centum
1072 1856 1157 1918 libris
1167 1859 1273 1932 antip
1292 1880 1346 1940 433

151 1942 236 2024 (nem
253 1942 412 2001 Vaticanus
424 1941 533 2003 diserte
545 1942 635 2003 habet
650 1938 756 2007 ἕκατὸν
768 1942 870 2025 λίτρας
883 1940 1026 2026 χρυσίου)
1049 1963 1123 2024 quas
1138 1943 1239 2003 Riem-

149 2029 245 2089 midas
260 2035 436 2087 testamento
454 2027 571 2106 legabat
592 2028 773 2089 monasterio
796 2029 828 2089 in
851 2046 910 2108 quo
932 2028 1072 2107 degebat,
1093 2028 1136 2102 είς
1150 2051 1237 2113 περι-

149 2114 289 2193 ποίησινε
311 2131 387 2192 quae
400 2121 498 2171 tamen
512 2132 625 2173 summa
638 2123 708 2194 post
722 2113 785 2174 eius
799 2124 939 2185 mortem,
959 2113 1041 2173 nulls
1063 2112 1179 2173 retiam
1192 2124 1239 2174 te·

149 2197 290 2259 statuenti
302 2196 418 2272 hahita,
438 2198 643 2280 προσανετίθη
655 2202 694 2285 τῇ
705 2193 818 2283 ρεγᾶίη
829 2196 969 2284 ίκκλησίη
981 2197 1023 2272 είς
1036 2198 1238 2279 περιποίησιν,

150 2292 187 2343 nt
198 2283 289 2362 paulo
300 2281 425 2342 inferius
440 2281 552 2342 (licitur
566 2279 626 2343 hoc
641 2286 743 2344 eodem
758 2283 863 2364 capite.
905 2304 962 2363 qua
975 2282 1096 2342 notione
1108 2300 1239 2363 usurpa-

149 2376 198 2429 ret
212 2366 408 2447 Pschymeres
420 2366 454 2425 in
466 2365 513 2426 his
529 2367 644 2428 dnobus
657 2368 732 2429 locis
742 2387 847 2428 vocem
859 2370 1066 2449 ιιεριιιοίησις,
1088 2366 1240 2447 quaerenti

150 2451 228 2514 mihi
240 2452 373 2512 occurrit
382 2450 548 2531 Hesychius
561 2453 612 2531 qui
625 2449 815 2532 nieoouapdv
827 2472 892 2512 eam
904 2452 1127 2532 interpretatur.
1168 2473 1239 2513 nem

149 2538 185 2599 in
201 2540 265 2597 eius
280 2535 377 2596 lexico
391 2537 437 2595 sic
452 2536 576 2615 legimns
590 2535 696 2598 hodie:
719 2540 909 2619 περικοίησις
928 2530 1111 2616 κίεονασμός
1124 2541 1238 2617 κτῆσις.

150 2624 229 2684 lorte
242 2622 314 2681 elias
335 2621 485 2698 legebatur
503 2617 690 2704 ιτίεονασμδς
706 2617 854 2704 κτήσεως,
877 2620 1056 2681 abundantis
1073 2621 1240 2699 possessio-

150 2708 210 2783 nis,
231 2725 345 2771 novans
360 2705 473 2765 bonnm
493 2709 637 2768 accedens
659 2706 698 2768 sd
716 2708 798 2788 prius
814 2715 915 2786 perta,
937 2715 968 2765 et
988 2714 1174 2783 segmentum
1186 2725 1240 2764 su·

64 2784 70 2801 ‘
150 2792 327 2874 perveniens
341 2791 519 2871 possessioni
533 2793 687 2875 antiquae,
708 2792 795 2853 velut
806 2790 1006 2851 adventitium
1019 2789 1172 2869 peculium
1184 2806 1238 2847 ve-

153 2877 208 2938 teri
235 2874 416 2956 patrimonio
445 2877 680 2955 superadditum.
721 2875 755 2935 id
781 2875 897 2935 erudite
924 2873 1063 2950 vulgatus
1090 2873 1239 2951 interpres

151 2960 260 3042 Bphes.
277 2965 293 3024 1
309 2960 350 3026 14
366 2960 513 3040 expresnt
524 2963 670 3024 vocabulo
689 2962 912 3040 acquisitionis.
954 2955 1035 3035 quod
1055 2954 1097 3013 ibi
1117 2956 1239 3035 κυρίως,

152 3049 186 3104 irs
208 3048 316 3104 stricta
330 3047 532 3126 proprietate,
559 3045 753 3120 sumendum,
774 3052 810 3102 ut
830 3050 916 3102 sonet
929 3037 1082 3121 quidpiam
1094 3037 1240 3118 supered-

151 3129 289 3190 iunctum
302 3141 386 3189 antea
406 3130 556 3208 quaesitis.
599 3128 691 3209 queis
710 3129 824 3187 frustra
836 3134 992 3205 argutatur
1007 3129 1136 3181 novator
1147 3123 1240 3184 inter·

151 3234 235 3295 pres,
257 3222 288 3275 et
302 3213 353 3294 qui
365 3232 431 3273 eum
443 3212 546 3271 landet
558 3211 704 3271 Henricus
716 3208 883 3289 Stephanus
894 3209 928 3269 in
942 3204 1094 3267 Thesauro
1108 3206 1240 3269 Graecae

151 3299 287 3377 linguae,
310 3298 381 3357 dunt
397 3294 532 3354 instincti
545 3304 669 3375 aterque
685 3293 808 3354 libidine
821 3289 1024 3353 adomniandi
1037 3298 1165 3352 veterem
1178 3312 1239 3354 usu

25 3434 32 3443 .
155 3384 298 3443 ecclesias
312 3381 465 3460 probatam
477 3379 549 3439 novi
566 3376 743 3440 Testamenti
757 3376 938 3454 versionem,
959 3376 1143 3437 contendunt
1154 3400 1239 3460 ιιιρι.

152 3467 278 3546 ποίησιν
295 3465 351 3524 illo
363 3461 492 3545 apostoli
508 3464 576 3525 loco
592 3482 700 3525 sonare
713 3464 907 3522 assertionem
923 3460 986 3522 slve
996 3458 1241 3541 eiadicationern,

154 3552 237 3632 quod
245 3566 335 3630 qnam
346 3549 385 3609 sit
397 3547 532 3628 ineptam
543 3549 656 3630 patebit
668 3569 708 3611 ex
721 3545 955 3609 consideratione
964 3544 1124 3607 verborum
1137 3548 1243 3608 Sancti

153 3635 251 3698 Pauli.
279 3642 350 3694 sunt
363 3641 459 3694 antem
470 3632 556 3695 msc:
577 3629 613 3710 ὅς
625 3633 706 3699 ίστιν
720 3628 860 3718 α’ρραβοίν
871 3635 926 3715 τῆς
936 3632 1135 3713 κληρονομίας
1148 3629 1240 3713 ημῶν

154 3722 200 3797 είς
213 3712 420 3801 aestuosae
431 3722 487 3801 τῆς
495 3714 722 3803 περιποιήσεως.
764 3738 839 3799 quae
850 3718 894 3785 sio
904 3716 1042 3796 vulgatus
1055 3714 1161 3778 vertit:
1183 3717 1241 3795 qai

154 3805 322 3887 (ninsirum
346 3803 475 3885 Spiritus
496 3807 640 3884 Sanctus)
663 3817 709 3865 est
726 3806 846 3884 pignus
866 3800 1045 3863 ίιιτιιίίιοίίε
1064 3810 1187 3860 nostrae
1204 3802 1240 3860 irs

154 3890 384 3971 redemptionem
406 3890 627 3970 acquisitionis.
667 3908 792 3970 nempe,
819 3896 853 3948 nt
871 3896 989 3950 enarrat
1008 3884 1240 3966 chrysostomus

22 4028 26 4039 .
153 3975 239 4038 hunc
252 3979 368 4051 locum,
388 3972 435 4033 hia
455 3974 505 4053 qni
522 3973 611 4036 iidem
631 3983 661 4036 et
677 3975 828 4036 caritatem
839 3971 964 4052 habent,
988 3966 1241 4033 ismnuuedstur

154 4062 204 4121 ins
223 4060 262 4121 ed
282 4057 490 4129 hereditatem,
513 4057 594 4119 cuius
610 4067 848 4140 repraesentatur
866 4057 974 4139 pignus
993 4064 1022 4114 et
1038 4052 1141 4114 arrha:
1164 4050 1240 4131 quin

155 4155 188 4207 et
211 4146 275 4207 eius
297 4144 380 4225 qnasi
401 4142 563 4203 substantie
589 4145 744 4207 confertur
768 4142 918 4203 inlusione
941 4139 1051 4219 gratiae
1070 4135 1240 4213 habitualis,

156 4252 214 4312 qus
234 4229 442 4290 constituimur
460 4226 516 4287 titii
531 4227 588 4289 dei.
631 4230 739 4291 desunt
756 4237 854 4289 temen
874 4226 960 4285 nohis
982 4221 1081 4283 adhuc
1095 4220 1189 4280 mults
1205 4230 1240 4282 nt

154 4316 364 4399 perveniamus
386 4312 425 4374 sd
451 4313 665 4393 perfectionem
680 4321 816 4397 speratae
834 4308 995 4373 felicitatis.
1036 4307 1130 4388 grstia
1148 4304 1241 4386 igitar

198 4409 330 4480 Georgius
350 4404 520 4475 mamm
539 4404 563 4457 l.
995 4389 1038 4457 42
