<?xml version="1.0" encoding="UTF-8"?>
<!DOCTYPE html PUBLIC "-//W3C//DTD XHTML 1.0 Transitional//EN"
    "http://www.w3.org/TR/xhtml1/DTD/xhtml1-transitional.dtd">
<html xmlns="http://www.w3.org/1999/xhtml" xml:lang="en" lang="en">
 <head>
  <title>
</title>
<meta http-equiv="Content-Type" content="text/html;charset=utf-8" />
  <meta name='ocr-system' content='tesseract 3.04.00' />
  <meta name='ocr-capabilities' content='ocr_page ocr_carea ocr_par ocr_line ocrx_word'/>
</head>
<body>
  <div class='ocr_page' id='page_1' title='image "./corpusscriptoru05berlgoog_0615.png"; bbox 0 0 3036 4840; ppageno 0'>
   <div class='ocr_carea' id='block_1_1' title="bbox 269 832 1375 1103">
    <p class='ocr_par' dir='ltr' id='par_1_1' title="bbox 269 832 1375 1103">
     <span class='ocr_line' id='line_1_1' title="bbox 269 832 1375 953; baseline 0 -2"><span class='ocrx_word' id='word_1_1' title='bbox 269 837 561 953; x_wconf 82' lang='lat' dir='ltr'><strong>PETRI</strong></span> <span class='ocrx_word' id='word_1_2' title='bbox 632 832 1025 947; x_wconf 86' lang='lat' dir='ltr'>POSSINI</span> <span class='ocrx_word' id='word_1_3' title='bbox 1094 836 1136 942; x_wconf 83' lang='grc' dir='ltr'>Ε</span> <span class='ocrx_word' id='word_1_4' title='bbox 1201 836 1262 948; x_wconf 88' lang='lat' dir='ltr'><strong>S.</strong></span> <span class='ocrx_word' id='word_1_5' title='bbox 1332 842 1375 951; x_wconf 79' lang='lat' dir='ltr'><strong>t</strong></span> 
     </span>
     <span class='ocr_line' id='line_1_2' title="bbox 479 1004 1159 1103; baseline -0.012 0"><span class='ocrx_word' id='word_1_6' title='bbox 479 1004 1159 1103; x_wconf 78' lang='lat' dir='ltr'><strong>OBSERVATIONUM</strong></span> 
     </span>
    </p>
   </div>
   <div class='ocr_carea' id='block_1_2' title="bbox 361 1159 1272 1388">
    <p class='ocr_par' dir='ltr' id='par_1_2' title="bbox 361 1159 1272 1388">
     <span class='ocr_line' id='line_1_3' title="bbox 361 1159 1272 1307; baseline -0.007 -51"><span class='ocrx_word' id='word_1_7' title='bbox 361 1159 1272 1307; x_wconf 33' lang='lat' dir='ltr'><strong>PACHYMERIA&#39;NARUM</strong></span> 
     </span>
     <span class='ocr_line' id='line_1_4' title="bbox 674 1319 956 1388; baseline 0.004 -1"><span class='ocrx_word' id='word_1_8' title='bbox 674 1320 856 1387; x_wconf 78' lang='lat' dir='ltr'><strong>crasa</strong></span> <span class='ocrx_word' id='word_1_9' title='bbox 904 1319 956 1388; x_wconf 91' lang='lat'><strong>11.</strong></span> 
     </span>
    </p>
   </div>
   <div class='ocr_carea' id='block_1_3' title="bbox 524 1447 1110 1530">
    <p class='ocr_par' dir='ltr' id='par_1_3' title="bbox 524 1447 1110 1530">
     <span class='ocr_line' id='line_1_5' title="bbox 524 1447 1110 1530; baseline -0.003 0"><span class='ocrx_word' id='word_1_10' title='bbox 524 1447 901 1530; x_wconf 86' lang='lat' dir='ltr'><strong>COMPLECTENS</strong></span> <span class='ocrx_word' id='word_1_11' title='bbox 926 1448 1110 1529; x_wconf 83' lang='lat' dir='ltr'><strong>NOTAS.</strong></span> 
     </span>
    </p>
   </div>
   <div class='ocr_carea' id='block_1_4' title="bbox 700 1632 904 1650">
    <p class='ocr_par' dir='ltr' id='par_1_4' title="bbox 700 1632 904 1650">
     <span class='ocr_line' id='line_1_6' title="bbox 700 1632 904 1650; baseline -0.01 -4"><span class='ocrx_word' id='word_1_12' title='bbox 700 1632 904 1650; x_wconf 56' lang='lat' dir='ltr'><strong>p-——um</strong></span> 
     </span>
    </p>
   </div>
   <div class='ocr_carea' id='block_1_5' title="bbox 591 1774 1048 1842">
    <p class='ocr_par' dir='ltr' id='par_1_5' title="bbox 591 1774 1048 1842">
     <span class='ocr_line' id='line_1_7' title="bbox 591 1774 1048 1842; baseline -0.007 -2"><span class='ocrx_word' id='word_1_13' title='bbox 591 1777 641 1840; x_wconf 79' lang='lat' dir='ltr'><strong>nt</strong></span> <span class='ocrx_word' id='word_1_14' title='bbox 668 1779 844 1842; x_wconf 79' lang='lat' dir='ltr'>TITULO</span> <span class='ocrx_word' id='word_1_15' title='bbox 870 1774 1048 1839; x_wconf 80' lang='lat' dir='ltr'>OPERIS.</span> 
     </span>
    </p>
   </div>
   <div class='ocr_carea' id='block_1_6' title="bbox 166 1867 1494 2914">
    <p class='ocr_par' dir='ltr' id='par_1_6' title="bbox 166 1867 1494 2914">
     <span class='ocr_line' id='line_1_8' title="bbox 166 1867 1494 1978; baseline -0.009 -12"><span class='ocrx_word' id='word_1_16' title='bbox 166 1908 258 1966; x_wconf 77' lang='lat' dir='ltr'><strong>essa</strong></span> <span class='ocrx_word' id='word_1_17' title='bbox 274 1867 494 1975; x_wconf 69' lang='lat' dir='ltr'><strong>Promotus.</strong></span> <span class='ocrx_word' id='word_1_18' title='bbox 537 1918 605 1958; x_wconf 86' lang='lat' dir='ltr'><strong>cum</strong></span> <span class='ocrx_word' id='word_1_19' title='bbox 623 1899 700 1961; x_wconf 83' lang='lat' dir='ltr'><strong>varii</strong></span> <span class='ocrx_word' id='word_1_20' title='bbox 718 1900 802 1963; x_wconf 80' lang='lat' dir='ltr'><strong>veris</strong></span> <span class='ocrx_word' id='word_1_21' title='bbox 821 1899 967 1959; x_wconf 84' lang='lat' dir='ltr'><strong>Graecum</strong></span> <span class='ocrx_word' id='word_1_22' title='bbox 987 1914 1097 1956; x_wconf 85' lang='lat' dir='ltr'><strong>noman</strong></span> <span class='ocrx_word' id='word_1_23' title='bbox 1114 1891 1295 1978; x_wconf 69' lang='grc' dir='ltr'><strong><em>Παχυμερής</em></strong></span> <span class='ocrx_word' id='word_1_24' title='bbox 1307 1896 1364 1955; x_wconf 84' lang='lat' dir='ltr'><strong>La-</strong></span> <span class='ocrx_word' id='word_1_25' title='bbox 1493 1900 1494 1967; x_wconf 59' lang='grc' dir='ltr'>ζ</span> 
     </span>
     <span class='ocr_line' id='line_1_9' title="bbox 273 1982 1363 2065; baseline -0.006 -17"><span class='ocrx_word' id='word_1_26' title='bbox 273 1988 338 2048; x_wconf 84' lang='lat' dir='ltr'><strong>tine</strong></span> <span class='ocrx_word' id='word_1_27' title='bbox 352 1985 475 2046; x_wconf 82' lang='lat' dir='ltr'><strong>efferant</strong></span> <span class='ocrx_word' id='word_1_28' title='bbox 491 1991 523 2041; x_wconf 89' lang='lat' dir='ltr'><strong>et</strong></span> <span class='ocrx_word' id='word_1_29' title='bbox 541 1982 714 2063; x_wconf 72' lang='lat' dir='ltr'><strong>influunt,</strong></span> <span class='ocrx_word' id='word_1_30' title='bbox 747 1985 797 2045; x_wconf 88' lang='lat' dir='ltr'><strong>alii</strong></span> <span class='ocrx_word' id='word_1_31' title='bbox 813 1983 1041 2065; x_wconf 86' lang='lat' dir='ltr'><strong>Pachymeram,</strong></span> <span class='ocrx_word' id='word_1_32' title='bbox 1064 1982 1115 2042; x_wconf 89' lang='lat' dir='ltr'><strong>alii</strong></span> <span class='ocrx_word' id='word_1_33' title='bbox 1131 1982 1363 2063; x_wconf 80' lang='lat' dir='ltr'><strong>Pachymesium,</strong></span> 
     </span>
     <span class='ocr_line' id='line_1_10' title="bbox 272 2066 1362 2148; baseline -0.005 -16"><span class='ocrx_word' id='word_1_34' title='bbox 272 2071 323 2132; x_wconf 90' lang='lat' dir='ltr'><strong>alii</strong></span> <span class='ocrx_word' id='word_1_35' title='bbox 346 2070 433 2131; x_wconf 88' lang='lat' dir='ltr'><strong>aliter</strong></span> <span class='ocrx_word' id='word_1_36' title='bbox 452 2077 609 2147; x_wconf 78' lang='lat' dir='ltr'><strong>vocantes,</strong></span> <span class='ocrx_word' id='word_1_37' title='bbox 629 2068 704 2130; x_wconf 88' lang='lat' dir='ltr'><strong>mihi</strong></span> <span class='ocrx_word' id='word_1_38' title='bbox 725 2070 907 2132; x_wconf 72' lang='lat' dir='ltr'><strong>commodius</strong></span> <span class='ocrx_word' id='word_1_39' title='bbox 920 2078 950 2129; x_wconf 89' lang='lat' dir='ltr'><strong>et</strong></span> <span class='ocrx_word' id='word_1_40' title='bbox 962 2066 1128 2148; x_wconf 73' lang='lat' dir='ltr'>expeditius</span> <span class='ocrx_word' id='word_1_41' title='bbox 1140 2069 1239 2128; x_wconf 77' lang='lat' dir='ltr'><strong>visum</strong></span> <span class='ocrx_word' id='word_1_42' title='bbox 1256 2079 1302 2128; x_wconf 90' lang='lat' dir='ltr'><strong>est</strong></span> <span class='ocrx_word' id='word_1_43' title='bbox 1314 2070 1362 2127; x_wconf 86' lang='lat' dir='ltr'><strong>io-</strong></span> 
     </span>
     <span class='ocr_line' id='line_1_11' title="bbox 270 2152 1364 2235; baseline -0.006 -16"><span class='ocrx_word' id='word_1_44' title='bbox 270 2157 400 2219; x_wconf 80' lang='lat' dir='ltr'><strong>flexione</strong></span> <span class='ocrx_word' id='word_1_45' title='bbox 419 2155 465 2215; x_wconf 88' lang='lat' dir='ltr'><strong>uti</strong></span> <span class='ocrx_word' id='word_1_46' title='bbox 485 2155 588 2214; x_wconf 77' lang='lat' dir='ltr'><strong>latina</strong></span> <span class='ocrx_word' id='word_1_47' title='bbox 607 2157 763 2217; x_wconf 81' lang='lat' dir='ltr'><strong>nominum</strong></span> <span class='ocrx_word' id='word_1_48' title='bbox 785 2156 884 2217; x_wconf 89' lang='lat' dir='ltr'><strong>classis</strong></span> <span class='ocrx_word' id='word_1_49' title='bbox 904 2154 1019 2215; x_wconf 77' lang='lat' dir='ltr'><strong>tertiae.</strong></span> <span class='ocrx_word' id='word_1_50' title='bbox 1060 2154 1133 2232; x_wconf 85' lang='lat' dir='ltr'><strong>quio</strong></span> <span class='ocrx_word' id='word_1_51' title='bbox 1147 2154 1181 2213; x_wconf 88' lang='lat' dir='ltr'><strong>id</strong></span> <span class='ocrx_word' id='word_1_52' title='bbox 1195 2152 1236 2213; x_wconf 89' lang='lat' dir='ltr'><strong>sit</strong></span> <span class='ocrx_word' id='word_1_53' title='bbox 1251 2154 1364 2235; x_wconf 86' lang='lat' dir='ltr'><strong>simpli-</strong></span> 
     </span>
     <span class='ocr_line' id='line_1_12' title="bbox 270 2238 1365 2320; baseline -0.007 -15"><span class='ocrx_word' id='word_1_54' title='bbox 270 2242 336 2305; x_wconf 89' lang='lat' dir='ltr'><strong>cius</strong></span> <span class='ocrx_word' id='word_1_55' title='bbox 349 2250 381 2301; x_wconf 94' lang='lat' dir='ltr'><strong>et</strong></span> <span class='ocrx_word' id='word_1_56' title='bbox 395 2240 434 2300; x_wconf 88' lang='lat' dir='ltr'><strong>ed</strong></span> <span class='ocrx_word' id='word_1_57' title='bbox 447 2260 536 2301; x_wconf 87' lang='lat' dir='ltr'><strong>usum</strong></span> <span class='ocrx_word' id='word_1_58' title='bbox 548 2240 676 2320; x_wconf 79' lang='lat' dir='ltr'><strong>facilius,</strong></span> <span class='ocrx_word' id='word_1_59' title='bbox 697 2262 784 2303; x_wconf 82' lang='lat' dir='ltr'><strong>namo</strong></span> <span class='ocrx_word' id='word_1_60' title='bbox 803 2241 965 2320; x_wconf 72' lang='lat' dir='ltr'><strong>negaverit</strong></span> <span class='ocrx_word' id='word_1_61' title='bbox 1006 2240 1073 2299; x_wconf 89' lang='lat' dir='ltr'><strong>iure</strong></span> <span class='ocrx_word' id='word_1_62' title='bbox 1094 2247 1193 2299; x_wconf 87' lang='lat' dir='ltr'><strong>autem</strong></span> <span class='ocrx_word' id='word_1_63' title='bbox 1206 2238 1286 2312; x_wconf 84' lang='lat' dir='ltr'><strong>lieri,</strong></span> <span class='ocrx_word' id='word_1_64' title='bbox 1308 2259 1365 2298; x_wconf 84' lang='lat' dir='ltr'><strong>ex·</strong></span> 
     </span>
     <span class='ocr_line' id='line_1_13' title="bbox 269 2323 1364 2409; baseline -0.006 -20"><span class='ocrx_word' id='word_1_65' title='bbox 269 2327 374 2406; x_wconf 84' lang='lat' dir='ltr'><strong>amplis</strong></span> <span class='ocrx_word' id='word_1_66' title='bbox 387 2325 562 2386; x_wconf 72' lang='lat' dir='ltr'><strong>adstruitur.</strong></span> <span class='ocrx_word' id='word_1_67' title='bbox 604 2347 674 2387; x_wconf 85' lang='lat' dir='ltr'><strong>nam</strong></span> <span class='ocrx_word' id='word_1_68' title='bbox 687 2328 821 2409; x_wconf 81' lang='lat' dir='ltr'><strong>Ulysses,</strong></span> <span class='ocrx_word' id='word_1_69' title='bbox 839 2329 992 2401; x_wconf 87' lang='lat' dir='ltr'><strong>Socrates,</strong></span> <span class='ocrx_word' id='word_1_70' title='bbox 1017 2323 1236 2399; x_wconf 84' lang='lat' dir='ltr'><strong>Demosthenes,</strong></span> <span class='ocrx_word' id='word_1_71' title='bbox 1257 2324 1364 2383; x_wconf 86' lang='lat' dir='ltr'><strong>similia</strong></span> 
     </span>
     <span class='ocr_line' id='line_1_14' title="bbox 266 2407 1361 2492; baseline -0.004 -22"><span class='ocrx_word' id='word_1_72' title='bbox 266 2410 397 2492; x_wconf 87' lang='lat' dir='ltr'><strong>plurima</strong></span> <span class='ocrx_word' id='word_1_73' title='bbox 419 2428 499 2468; x_wconf 86' lang='lat' dir='ltr'><strong>mere</strong></span> <span class='ocrx_word' id='word_1_74' title='bbox 517 2411 620 2471; x_wconf 86' lang='lat' dir='ltr'><strong>Latine</strong></span> <span class='ocrx_word' id='word_1_75' title='bbox 645 2413 681 2472; x_wconf 83' lang='lat' dir='ltr'><strong>ab</strong></span> <span class='ocrx_word' id='word_1_76' title='bbox 702 2412 839 2473; x_wconf 85' lang='lat' dir='ltr'><strong>omnibus</strong></span> <span class='ocrx_word' id='word_1_77' title='bbox 856 2411 1039 2486; x_wconf 80' lang='lat' dir='ltr'><strong>flectuntur,</strong></span> <span class='ocrx_word' id='word_1_78' title='bbox 1068 2409 1149 2470; x_wconf 87' lang='lat' dir='ltr'><strong>nullo</strong></span> <span class='ocrx_word' id='word_1_79' title='bbox 1168 2418 1307 2487; x_wconf 77' lang='lat' dir='ltr'><strong>respectu</strong></span> <span class='ocrx_word' id='word_1_80' title='bbox 1320 2407 1361 2467; x_wconf 86' lang='lat' dir='ltr'><strong>ad</strong></span> 
     </span>
     <span class='ocr_line' id='line_1_15' title="bbox 265 2493 1357 2575; baseline -0.006 -19"><span class='ocrx_word' id='word_1_81' title='bbox 265 2494 441 2556; x_wconf 81' lang='lat' dir='ltr'><strong>inflexiones</strong></span> <span class='ocrx_word' id='word_1_82' title='bbox 460 2494 587 2555; x_wconf 84' lang='lat' dir='ltr'><strong>Graecas</strong></span> <span class='ocrx_word' id='word_1_83' title='bbox 606 2497 734 2557; x_wconf 87' lang='lat' dir='ltr'><strong>istorum</strong></span> <span class='ocrx_word' id='word_1_84' title='bbox 752 2498 916 2559; x_wconf 84' lang='lat' dir='ltr'><strong>nominum.</strong></span> <span class='ocrx_word' id='word_1_85' title='bbox 965 2495 1032 2575; x_wconf 85' lang='lat' dir='ltr'><strong>quis</strong></span> <span class='ocrx_word' id='word_1_86' title='bbox 1052 2498 1125 2554; x_wconf 87' lang='lat' dir='ltr'><strong>euim</strong></span> <span class='ocrx_word' id='word_1_87' title='bbox 1145 2512 1274 2570; x_wconf 83' lang='lat' dir='ltr'><strong>uuquam</strong></span> <span class='ocrx_word' id='word_1_88' title='bbox 1295 2493 1357 2550; x_wconf 85' lang='lat' dir='ltr'><strong>ad-</strong></span> 
     </span>
     <span class='ocr_line' id='line_1_16' title="bbox 265 2578 1353 2661; baseline -0.009 -20"><span class='ocrx_word' id='word_1_89' title='bbox 265 2578 405 2641; x_wconf 80' lang='lat' dir='ltr'><strong>umbrare</strong></span> <span class='ocrx_word' id='word_1_90' title='bbox 421 2580 541 2638; x_wconf 83' lang='lat' dir='ltr'><strong>curarit</strong></span> <span class='ocrx_word' id='word_1_91' title='bbox 552 2580 658 2641; x_wconf 85' lang='lat' dir='ltr'><strong>Latino</strong></span> <span class='ocrx_word' id='word_1_92' title='bbox 670 2602 744 2641; x_wconf 85' lang='lat' dir='ltr'><strong>sono</strong></span> <span class='ocrx_word' id='word_1_93' title='bbox 757 2582 921 2661; x_wconf 75' lang='lat' dir='ltr'><strong>genitivum</strong></span> <span class='ocrx_word' id='word_1_94' title='bbox 935 2580 1143 2661; x_wconf 72' lang='grc' dir='ltr'><strong>Δημοσθένους</strong></span> <span class='ocrx_word' id='word_1_95' title='bbox 1159 2585 1210 2635; x_wconf 87' lang='lat' dir='ltr'><strong>aut</strong></span> <span class='ocrx_word' id='word_1_96' title='bbox 1230 2595 1353 2634; x_wconf 75' lang='lat' dir='ltr'><strong>aeeon·</strong></span> 
     </span>
     <span class='ocr_line' id='line_1_17' title="bbox 265 2660 1352 2744; baseline -0.007 -17"><span class='ocrx_word' id='word_1_97' title='bbox 265 2666 364 2727; x_wconf 81' lang='lat' dir='ltr'><strong>tivum</strong></span> <span class='ocrx_word' id='word_1_98' title='bbox 388 2660 573 2744; x_wconf 62' lang='grc' dir='ltr'><strong><em>Δημοσθένη</em></strong></span> <span class='ocrx_word' id='word_1_99' title='bbox 598 2664 793 2726; x_wconf 82' lang='lat' dir='ltr'><strong>balbutiendo</strong></span> <span class='ocrx_word' id='word_1_100' title='bbox 821 2666 1045 2729; x_wconf 78' lang='lat' dir='ltr'><strong>Demosthenes</strong></span> <span class='ocrx_word' id='word_1_101' title='bbox 1071 2673 1121 2723; x_wconf 85' lang='lat' dir='ltr'><strong>aut</strong></span> <span class='ocrx_word' id='word_1_102' title='bbox 1145 2660 1352 2736; x_wconf 69' lang='lat' dir='ltr'><strong>nemaeum,</strong></span> 
     </span>
     <span class='ocr_line' id='line_1_18' title="bbox 267 2745 1353 2834; baseline -0.007 -20"><span class='ocrx_word' id='word_1_103' title='bbox 267 2752 402 2814; x_wconf 85' lang='lat' dir='ltr'><strong>Romana</strong></span> <span class='ocrx_word' id='word_1_104' title='bbox 417 2745 552 2809; x_wconf 75' lang='lat' dir='ltr'><strong>Minerva</strong></span> <span class='ocrx_word' id='word_1_105' title='bbox 564 2748 761 2813; x_wconf 70' lang='lat' dir='ltr'><strong>invitissima?</strong></span> <span class='ocrx_word' id='word_1_106' title='bbox 781 2749 842 2813; x_wconf 87' lang='lat' dir='ltr'><strong>hoc</strong></span> <span class='ocrx_word' id='word_1_107' title='bbox 856 2753 914 2821; x_wconf 83' lang='lat' dir='ltr'><strong>etsi</strong></span> <span class='ocrx_word' id='word_1_108' title='bbox 925 2772 1055 2834; x_wconf 84' lang='lat' dir='ltr'><strong>parrum</strong></span> <span class='ocrx_word' id='word_1_109' title='bbox 1065 2750 1160 2825; x_wconf 85' lang='lat' dir='ltr'><strong>dictu,</strong></span> <span class='ocrx_word' id='word_1_110' title='bbox 1177 2765 1290 2809; x_wconf 64' lang='lat' dir='ltr'><strong>uecmss</strong></span> <span class='ocrx_word' id='word_1_111' title='bbox 1300 2746 1353 2807; x_wconf 82' lang='lat' dir='ltr'><strong>ri-</strong></span> 
     </span>
     <span class='ocr_line' id='line_1_19' title="bbox 270 2833 554 2914; baseline 0 -15"><span class='ocrx_word' id='word_1_112' title='bbox 270 2857 338 2899; x_wconf 90' lang='lat' dir='ltr'><strong>sum</strong></span> <span class='ocrx_word' id='word_1_113' title='bbox 348 2833 398 2895; x_wconf 92' lang='lat' dir='ltr'><strong>hic</strong></span> <span class='ocrx_word' id='word_1_114' title='bbox 411 2833 554 2914; x_wconf 80' lang='lat' dir='ltr'><strong>profiteri.</strong></span> 
     </span>
    </p>
   </div>
   <div class='ocr_carea' id='block_1_7' title="bbox 270 2915 1366 3517">
    <p class='ocr_par' dir='ltr' id='par_1_7' title="bbox 356 2915 1359 3003">
     <span class='ocr_line' id='line_1_20' title="bbox 356 2915 1359 3003; baseline -0.005 -21"><span class='ocrx_word' id='word_1_115' title='bbox 356 2921 532 2982; x_wconf 79' lang='lat' dir='ltr'><strong>Mscusaurs.</strong></span> <span class='ocrx_word' id='word_1_116' title='bbox 573 2928 683 2998; x_wconf 83' lang='lat' dir='ltr'><strong>quotus</strong></span> <span class='ocrx_word' id='word_1_117' title='bbox 695 2918 746 2982; x_wconf 89' lang='lat' dir='ltr'><strong>hic</strong></span> <span class='ocrx_word' id='word_1_118' title='bbox 760 2923 838 2982; x_wconf 85' lang='lat' dir='ltr'><strong>iuter</strong></span> <span class='ocrx_word' id='word_1_119' title='bbox 857 2921 1050 3003; x_wconf 85' lang='lat' dir='ltr'><strong>imperatores</strong></span> <span class='ocrx_word' id='word_1_120' title='bbox 1060 2915 1359 2998; x_wconf 85' lang='lat' dir='ltr'><strong>Comtautinopohta·</strong></span> 
     </span>
    </p>

    <p class='ocr_par' dir='ltr' id='par_1_8' title="bbox 272 3002 1362 3086">
     <span class='ocr_line' id='line_1_21' title="bbox 272 3002 1362 3086; baseline -0.006 -17"><span class='ocrx_word' id='word_1_121' title='bbox 272 3029 328 3069; x_wconf 86' lang='lat' dir='ltr'><strong>uos</strong></span> <span class='ocrx_word' id='word_1_122' title='bbox 352 3006 476 3068; x_wconf 73' lang='lat' dir='ltr'><strong>Michsel</strong></span> <span class='ocrx_word' id='word_1_123' title='bbox 496 3005 600 3083; x_wconf 84' lang='lat' dir='ltr'><strong>fuerit,</strong></span> <span class='ocrx_word' id='word_1_124' title='bbox 627 3027 689 3068; x_wconf 87' lang='lat' dir='ltr'><strong>nou</strong></span> <span class='ocrx_word' id='word_1_125' title='bbox 708 3008 766 3071; x_wconf 89' lang='lat' dir='ltr'><strong>erit</strong></span> <span class='ocrx_word' id='word_1_126' title='bbox 785 3007 891 3069; x_wconf 86' lang='lat' dir='ltr'><strong>inutile</strong></span> <span class='ocrx_word' id='word_1_127' title='bbox 911 3008 999 3067; x_wconf 86' lang='lat' dir='ltr'><strong>semel</strong></span> <span class='ocrx_word' id='word_1_128' title='bbox 1016 3016 1159 3067; x_wconf 86' lang='lat' dir='ltr'><strong>statuere.</strong></span> <span class='ocrx_word' id='word_1_129' title='bbox 1198 3004 1310 3086; x_wconf 87' lang='lat' dir='ltr'><strong>primus</strong></span> <span class='ocrx_word' id='word_1_130' title='bbox 1321 3002 1362 3062; x_wconf 85' lang='lat' dir='ltr'><strong>ad</strong></span> 
     </span>
    </p>

    <p class='ocr_par' dir='ltr' id='par_1_9' title="bbox 270 3089 1366 3517">
     <span class='ocr_line' id='line_1_22' title="bbox 271 3089 1363 3174; baseline -0.006 -20"><span class='ocrx_word' id='word_1_131' title='bbox 271 3092 428 3173; x_wconf 80' lang='lat' dir='ltr'><strong>imperium</strong></span> <span class='ocrx_word' id='word_1_132' title='bbox 454 3089 513 3152; x_wconf 89' lang='lat' dir='ltr'><strong>hoc</strong></span> <span class='ocrx_word' id='word_1_133' title='bbox 538 3109 647 3153; x_wconf 85' lang='lat' dir='ltr'><strong>noman</strong></span> <span class='ocrx_word' id='word_1_134' title='bbox 670 3093 793 3174; x_wconf 85' lang='lat' dir='ltr'><strong>pertulit</strong></span> <span class='ocrx_word' id='word_1_135' title='bbox 819 3090 946 3155; x_wconf 75' lang='lat' dir='ltr'><strong>michael</strong></span> <span class='ocrx_word' id='word_1_136' title='bbox 965 3090 1147 3172; x_wconf 84' lang='lat' dir='ltr'><strong>Curopalsta</strong></span> <span class='ocrx_word' id='word_1_137' title='bbox 1171 3097 1363 3171; x_wconf 77' lang='lat' dir='ltr'><strong>cognomento</strong></span> 
     </span>
     <span class='ocr_line' id='line_1_23' title="bbox 270 3175 1364 3259; baseline -0.002 -22"><span class='ocrx_word' id='word_1_138' title='bbox 270 3178 504 3256; x_wconf 76' lang='lat' dir='ltr'><strong>Rhangahsuus,</strong></span> <span class='ocrx_word' id='word_1_139' title='bbox 519 3176 740 3241; x_wconf 68' lang='lat' dir='ltr'><strong>laudatissimus</strong></span> <span class='ocrx_word' id='word_1_140' title='bbox 773 3179 903 3259; x_wconf 88' lang='lat' dir='ltr'><strong>rincaps‚</strong></span> <span class='ocrx_word' id='word_1_141' title='bbox 923 3198 1002 3238; x_wconf 85' lang='lat' dir='ltr'><strong>anuo</strong></span> <span class='ocrx_word' id='word_1_142' title='bbox 1018 3175 1129 3237; x_wconf 80' lang='lat' dir='ltr'><strong>Christi</strong></span> <span class='ocrx_word' id='word_1_143' title='bbox 1143 3177 1214 3241; x_wconf 85' lang='lat'><strong>811.</strong></span> <span class='ocrx_word' id='word_1_144' title='bbox 1255 3194 1364 3235; x_wconf 77' lang='lat' dir='ltr'><strong>semu-</strong></span> 
     </span>
     <span class='ocr_line' id='line_1_24' title="bbox 272 3257 1365 3338; baseline -0.003 -17"><span class='ocrx_word' id='word_1_145' title='bbox 272 3261 331 3321; x_wconf 87' lang='lat' dir='ltr'><strong>dus</strong></span> <span class='ocrx_word' id='word_1_146' title='bbox 352 3261 442 3322; x_wconf 90' lang='lat' dir='ltr'><strong>homo</strong></span> <span class='ocrx_word' id='word_1_147' title='bbox 462 3261 680 3325; x_wconf 77' lang='lat' dir='ltr'><strong>scelestissimus</strong></span> <span class='ocrx_word' id='word_1_148' title='bbox 697 3262 757 3324; x_wconf 83' lang='lat' dir='ltr'><strong>Mic</strong></span> <span class='ocrx_word' id='word_1_149' title='bbox 795 3262 965 3338; x_wconf 70' lang='lat' dir='ltr'><strong>ilBalbus,</strong></span> <span class='ocrx_word' id='word_1_150' title='bbox 993 3280 1147 3323; x_wconf 78' lang='lat' dir='ltr'><strong>coarcere</strong></span> <span class='ocrx_word' id='word_1_151' title='bbox 1159 3260 1211 3321; x_wconf 89' lang='lat' dir='ltr'><strong>uhi</strong></span> <span class='ocrx_word' id='word_1_152' title='bbox 1221 3257 1261 3318; x_wconf 90' lang='lat' dir='ltr'><strong>sd</strong></span> <span class='ocrx_word' id='word_1_153' title='bbox 1283 3257 1365 3318; x_wconf 79' lang='lat' dir='ltr'><strong>vivi-</strong></span> 
     </span>
     <span class='ocr_line' id='line_1_25' title="bbox 272 3343 1364 3428; baseline 0.005 -24"><span class='ocrx_word' id='word_1_154' title='bbox 272 3346 458 3407; x_wconf 88' lang='lat' dir='ltr'><strong>comburium</strong></span> <span class='ocrx_word' id='word_1_155' title='bbox 479 3349 673 3426; x_wconf 84' lang='lat' dir='ltr'><strong>servabatur,</strong></span> <span class='ocrx_word' id='word_1_156' title='bbox 700 3349 732 3410; x_wconf 80' lang='lat' dir='ltr'><strong>vi</strong></span> <span class='ocrx_word' id='word_1_157' title='bbox 756 3349 795 3411; x_wconf 88' lang='lat' dir='ltr'><strong>ad</strong></span> <span class='ocrx_word' id='word_1_158' title='bbox 814 3348 921 3408; x_wconf 89' lang='lat' dir='ltr'><strong>solium</strong></span> <span class='ocrx_word' id='word_1_159' title='bbox 941 3346 1039 3428; x_wconf 78' lang='lat' dir='ltr'><strong>erupit</strong></span> <span class='ocrx_word' id='word_1_160' title='bbox 1062 3367 1143 3409; x_wconf 85' lang='lat' dir='ltr'><strong>suno</strong></span> <span class='ocrx_word' id='word_1_161' title='bbox 1161 3343 1270 3407; x_wconf 78' lang='lat' dir='ltr'><strong>Christi</strong></span> <span class='ocrx_word' id='word_1_162' title='bbox 1289 3347 1364 3408; x_wconf 80' lang='grc' dir='ltr'><strong>8ἳο.</strong></span> 
     </span>
     <span class='ocr_line' id='line_1_26' title="bbox 272 3430 1366 3517; baseline -0.001 -28"><span class='ocrx_word' id='word_1_163' title='bbox 272 3430 382 3490; x_wconf 85' lang='lat' dir='ltr'><strong>tertius</strong></span> <span class='ocrx_word' id='word_1_164' title='bbox 389 3430 517 3493; x_wconf 74' lang='lat' dir='ltr'><strong>Michsat</strong></span> <span class='ocrx_word' id='word_1_165' title='bbox 535 3432 805 3515; x_wconf 78' lang='lat' dir='ltr'><strong>Porphyrogeoitus</strong></span> <span class='ocrx_word' id='word_1_166' title='bbox 824 3431 980 3517; x_wconf 79' lang='lat' dir='ltr'><strong>Theophili</strong></span> <span class='ocrx_word' id='word_1_167' title='bbox 999 3433 1189 3513; x_wconf 85' lang='lat' dir='ltr'><strong>imperatoris</strong></span> <span class='ocrx_word' id='word_1_168' title='bbox 1205 3431 1284 3491; x_wconf 85' lang='lat' dir='ltr'><strong>{ilius</strong></span> <span class='ocrx_word' id='word_1_169' title='bbox 1295 3449 1366 3489; x_wconf 86' lang='lat' dir='ltr'><strong>cum</strong></span> 
     </span>
    </p>
   </div>
   <div class='ocr_carea' id='block_1_8' title="bbox 265 3513 1366 4361">
    <p class='ocr_par' dir='ltr' id='par_1_10' title="bbox 265 3513 1366 4361">
     <span class='ocr_line' id='line_1_27' title="bbox 267 3513 1366 3599; baseline -0.005 -22"><span class='ocrx_word' id='word_1_170' title='bbox 267 3523 364 3577; x_wconf 79' lang='lat' dir='ltr'><strong>matre</strong></span> <span class='ocrx_word' id='word_1_171' title='bbox 378 3513 536 3576; x_wconf 79' lang='lat' dir='ltr'><strong>Theodora</strong></span> <span class='ocrx_word' id='word_1_172' title='bbox 553 3519 710 3598; x_wconf 86' lang='lat' dir='ltr'><strong>imperium</strong></span> <span class='ocrx_word' id='word_1_173' title='bbox 723 3519 835 3590; x_wconf 84' lang='lat' dir='ltr'><strong>tenuit,</strong></span> <span class='ocrx_word' id='word_1_174' title='bbox 858 3539 966 3598; x_wconf 84' lang='lat' dir='ltr'><strong>magno</strong></span> <span class='ocrx_word' id='word_1_175' title='bbox 979 3517 1169 3599; x_wconf 87' lang='lat' dir='ltr'><strong>reipublicae</strong></span> <span class='ocrx_word' id='word_1_176' title='bbox 1182 3525 1215 3576; x_wconf 91' lang='lat' dir='ltr'><strong>et</strong></span> <span class='ocrx_word' id='word_1_177' title='bbox 1227 3514 1366 3574; x_wconf 82' lang='lat' dir='ltr'><strong>ecclosias</strong></span> 
     </span>
     <span class='ocr_line' id='line_1_28' title="bbox 267 3598 1365 3683; baseline -0.002 -22"><span class='ocrx_word' id='word_1_178' title='bbox 267 3601 360 3661; x_wconf 83' lang='lat' dir='ltr'><strong>malo:</strong></span> <span class='ocrx_word' id='word_1_179' title='bbox 380 3598 437 3660; x_wconf 80' lang='lat' dir='ltr'><strong>suit</strong></span> <span class='ocrx_word' id='word_1_180' title='bbox 450 3602 544 3680; x_wconf 71' lang='lat' dir='ltr'><strong>emm,</strong></span> <span class='ocrx_word' id='word_1_181' title='bbox 565 3603 618 3664; x_wconf 92' lang='lat' dir='ltr'><strong>ubi</strong></span> <span class='ocrx_word' id='word_1_182' title='bbox 631 3604 778 3681; x_wconf 85' lang='lat' dir='ltr'><strong>adolevit,</strong></span> <span class='ocrx_word' id='word_1_183' title='bbox 798 3604 994 3683; x_wconf 86' lang='lat' dir='ltr'><strong>impiissimus.</strong></span> <span class='ocrx_word' id='word_1_184' title='bbox 1036 3602 1132 3682; x_wconf 86' lang='lat' dir='ltr'><strong>coepit</strong></span> <span class='ocrx_word' id='word_1_185' title='bbox 1143 3601 1291 3662; x_wconf 82' lang='lat' dir='ltr'><strong>dominari</strong></span> <span class='ocrx_word' id='word_1_186' title='bbox 1308 3619 1365 3659; x_wconf 82' lang='lat' dir='ltr'><strong>ass·</strong></span> 
     </span>
     <span class='ocr_line' id='line_1_29' title="bbox 268 3684 1365 3768; baseline 0 -21"><span class='ocrx_word' id='word_1_187' title='bbox 268 3705 309 3747; x_wconf 85' lang='lat' dir='ltr'><strong>uo</strong></span> <span class='ocrx_word' id='word_1_188' title='bbox 324 3684 433 3745; x_wconf 83' lang='lat' dir='ltr'><strong>Christi</strong></span> <span class='ocrx_word' id='word_1_189' title='bbox 446 3684 519 3762; x_wconf 75' lang='lat'><strong>842,</strong></span> <span class='ocrx_word' id='word_1_190' title='bbox 533 3687 609 3747; x_wconf 86' lang='lat' dir='ltr'><strong>male</strong></span> <span class='ocrx_word' id='word_1_191' title='bbox 624 3690 712 3768; x_wconf 86' lang='lat' dir='ltr'><strong>periit</strong></span> <span class='ocrx_word' id='word_1_192' title='bbox 725 3694 795 3757; x_wconf 86' lang='lat'><strong>867.</strong></span> <span class='ocrx_word' id='word_1_193' title='bbox 836 3709 916 3750; x_wconf 84' lang='lat' dir='ltr'><strong>anno</strong></span> <span class='ocrx_word' id='word_1_194' title='bbox 927 3689 997 3749; x_wconf 87' lang='lat' dir='ltr'><strong>inde</strong></span> <span class='ocrx_word' id='word_1_195' title='bbox 1012 3687 1124 3749; x_wconf 87' lang='lat' dir='ltr'><strong>Christi</strong></span> <span class='ocrx_word' id='word_1_196' title='bbox 1139 3687 1222 3753; x_wconf 70' lang='lat'><strong>1034</strong></span> <span class='ocrx_word' id='word_1_197' title='bbox 1238 3684 1365 3747; x_wconf 73' lang='lat' dir='ltr'><strong>michael</strong></span> 
     </span>
     <span class='ocr_line' id='line_1_30' title="bbox 267 3769 1364 3853; baseline -0.003 -21"><span class='ocrx_word' id='word_1_198' title='bbox 267 3770 414 3852; x_wconf 79' lang='lat' dir='ltr'><strong>Paphlago</strong></span> <span class='ocrx_word' id='word_1_199' title='bbox 430 3790 448 3829; x_wconf 91' lang='lat' dir='ltr'><strong>a</strong></span> <span class='ocrx_word' id='word_1_200' title='bbox 466 3771 564 3850; x_wconf 87' lang='lat' dir='ltr'><strong>patria</strong></span> <span class='ocrx_word' id='word_1_201' title='bbox 587 3772 699 3850; x_wconf 88' lang='lat' dir='ltr'><strong>dictus,</strong></span> <span class='ocrx_word' id='word_1_202' title='bbox 720 3774 838 3835; x_wconf 86' lang='lat' dir='ltr'><strong>adulter</strong></span> <span class='ocrx_word' id='word_1_203' title='bbox 857 3776 932 3835; x_wconf 76' lang='lat' dir='ltr'><strong>zoes</strong></span> <span class='ocrx_word' id='word_1_204' title='bbox 954 3776 1115 3853; x_wconf 75' lang='lat' dir='ltr'><strong>Augrutus,</strong></span> <span class='ocrx_word' id='word_1_205' title='bbox 1143 3773 1279 3833; x_wconf 83' lang='lat' dir='ltr'><strong>Romano</strong></span> <span class='ocrx_word' id='word_1_206' title='bbox 1299 3769 1364 3830; x_wconf 85' lang='lat' dir='ltr'><strong>sius</strong></span> 
     </span>
     <span class='ocr_line' id='line_1_31' title="bbox 265 3856 1366 3939; baseline 0 -22"><span class='ocrx_word' id='word_1_207' title='bbox 265 3857 333 3918; x_wconf 80' lang='lat' dir='ltr'><strong>viro</strong></span> <span class='ocrx_word' id='word_1_208' title='bbox 359 3856 542 3937; x_wconf 79' lang='lat' dir='ltr'><strong>strangulato</strong></span> <span class='ocrx_word' id='word_1_209' title='bbox 568 3856 728 3939; x_wconf 85' lang='lat' dir='ltr'><strong>imperium</strong></span> <span class='ocrx_word' id='word_1_210' title='bbox 753 3859 893 3938; x_wconf 84' lang='lat' dir='ltr'><strong>arripuit,</strong></span> <span class='ocrx_word' id='word_1_211' title='bbox 920 3870 951 3920; x_wconf 88' lang='lat' dir='ltr'><strong>et</strong></span> <span class='ocrx_word' id='word_1_212' title='bbox 976 3860 1075 3920; x_wconf 87' lang='lat' dir='ltr'><strong>tenuit</strong></span> <span class='ocrx_word' id='word_1_213' title='bbox 1097 3859 1183 3919; x_wconf 87' lang='lat' dir='ltr'><strong>aunis</strong></span> <span class='ocrx_word' id='word_1_214' title='bbox 1206 3859 1267 3917; x_wconf 81' lang='lat' dir='ltr'><strong>lere</strong></span> <span class='ocrx_word' id='word_1_215' title='bbox 1285 3865 1366 3917; x_wconf 83' lang='lat' dir='ltr'><strong>octo.</strong></span> 
     </span>
     <span class='ocr_line' id='line_1_32' title="bbox 265 3942 1364 4024; baseline -0.004 -21"><span class='ocrx_word' id='word_1_216' title='bbox 265 3943 395 4005; x_wconf 84' lang='lat' dir='ltr'><strong>moriens</strong></span> <span class='ocrx_word' id='word_1_217' title='bbox 413 3962 609 4004; x_wconf 77' lang='lat' dir='ltr'><strong>suceeuorem</strong></span> <span class='ocrx_word' id='word_1_218' title='bbox 630 3943 736 4007; x_wconf 86' lang='lat' dir='ltr'><strong>hahuit</strong></span> <span class='ocrx_word' id='word_1_219' title='bbox 753 3943 925 4006; x_wconf 70' lang='lat' dir='ltr'><strong>Michaelem</strong></span> <span class='ocrx_word' id='word_1_220' title='bbox 947 3955 1143 4024; x_wconf 81' lang='lat' dir='ltr'><strong>cognomento</strong></span> <span class='ocrx_word' id='word_1_221' title='bbox 1163 3942 1364 4022; x_wconf 80' lang='lat' dir='ltr'><strong>catapiratem,</strong></span> 
     </span>
     <span class='ocr_line' id='line_1_33' title="bbox 266 4028 1364 4116; baseline -0.002 -29"><span class='ocrx_word' id='word_1_222' title='bbox 266 4028 331 4088; x_wconf 89' lang='lat' dir='ltr'><strong>eius</strong></span> <span class='ocrx_word' id='word_1_223' title='bbox 346 4028 473 4089; x_wconf 88' lang='lat' dir='ltr'><strong>nominis</strong></span> <span class='ocrx_word' id='word_1_224' title='bbox 487 4029 642 4108; x_wconf 87' lang='lat' dir='ltr'><strong>quintum,</strong></span> <span class='ocrx_word' id='word_1_225' title='bbox 663 4031 713 4110; x_wconf 87' lang='lat' dir='ltr'><strong>qui</strong></span> <span class='ocrx_word' id='word_1_226' title='bbox 734 4041 804 4116; x_wconf 89' lang='lat' dir='ltr'><strong>post</strong></span> <span class='ocrx_word' id='word_1_227' title='bbox 825 4050 937 4092; x_wconf 85' lang='lat' dir='ltr'><strong>annum</strong></span> <span class='ocrx_word' id='word_1_228' title='bbox 957 4051 975 4089; x_wconf 96' lang='lat' dir='ltr'><strong>a</strong></span> <span class='ocrx_word' id='word_1_229' title='bbox 997 4031 1072 4105; x_wconf 74' lang='lat' dir='ltr'><strong>zoe,</strong></span> <span class='ocrx_word' id='word_1_230' title='bbox 1094 4029 1270 4109; x_wconf 82' lang='lat' dir='ltr'><strong>quasillum</strong></span> <span class='ocrx_word' id='word_1_231' title='bbox 1289 4047 1364 4106; x_wconf 86' lang='lat' dir='ltr'><strong>pro-</strong></span> 
     </span>
     <span class='ocr_line' id='line_1_34' title="bbox 265 4110 1362 4197; baseline -0.004 -25"><span class='ocrx_word' id='word_1_232' title='bbox 265 4124 422 4191; x_wconf 78' lang='lat' dir='ltr'><strong>moverat,</strong></span> <span class='ocrx_word' id='word_1_233' title='bbox 450 4115 573 4194; x_wconf 84' lang='lat' dir='ltr'><strong>imperio</strong></span> <span class='ocrx_word' id='word_1_234' title='bbox 603 4124 634 4174; x_wconf 92' lang='lat' dir='ltr'><strong>et</strong></span> <span class='ocrx_word' id='word_1_235' title='bbox 660 4115 753 4176; x_wconf 88' lang='lat' dir='ltr'><strong>oculis</strong></span> <span class='ocrx_word' id='word_1_236' title='bbox 780 4118 915 4197; x_wconf 83' lang='lat' dir='ltr'><strong>privatus</strong></span> <span class='ocrx_word' id='word_1_237' title='bbox 935 4115 1035 4176; x_wconf 85' lang='lat' dir='ltr'><strong>locum</strong></span> <span class='ocrx_word' id='word_1_238' title='bbox 1055 4119 1143 4177; x_wconf 86' lang='lat' dir='ltr'><strong>cessit</strong></span> <span class='ocrx_word' id='word_1_239' title='bbox 1168 4110 1362 4174; x_wconf 73' lang='lat' dir='ltr'><strong>Constasuino</strong></span> 
     </span>
     <span class='ocr_line' id='line_1_35' title="bbox 265 4194 1363 4281; baseline 0 -26"><span class='ocrx_word' id='word_1_240' title='bbox 265 4194 462 4258; x_wconf 80' lang='lat' dir='ltr'><strong>Monomacho</strong></span> <span class='ocrx_word' id='word_1_241' title='bbox 486 4219 565 4259; x_wconf 86' lang='lat' dir='ltr'><strong>euno</strong></span> <span class='ocrx_word' id='word_1_242' title='bbox 585 4198 695 4260; x_wconf 88' lang='lat' dir='ltr'><strong>Christi</strong></span> <span class='ocrx_word' id='word_1_243' title='bbox 716 4199 807 4266; x_wconf 70' lang='lat'><strong>1042</strong></span> <span class='ocrx_word' id='word_1_244' title='bbox 849 4201 1075 4281; x_wconf 83' lang='lat' dir='ltr'><strong>quatuordecim</strong></span> <span class='ocrx_word' id='word_1_245' title='bbox 1108 4208 1176 4280; x_wconf 82' lang='lat' dir='ltr'><strong>post</strong></span> <span class='ocrx_word' id='word_1_246' title='bbox 1193 4199 1277 4258; x_wconf 85' lang='lat' dir='ltr'><strong>annis</strong></span> <span class='ocrx_word' id='word_1_247' title='bbox 1303 4194 1363 4255; x_wconf 80' lang='lat' dir='ltr'><strong>hi-</strong></span> 
     </span>
     <span class='ocr_line' id='line_1_36' title="bbox 265 4276 1360 4361; baseline 0.012 -26"><span class='ocrx_word' id='word_1_248' title='bbox 265 4276 351 4337; x_wconf 72' lang='lat' dir='ltr'><strong>chatl</strong></span> <span class='ocrx_word' id='word_1_249' title='bbox 364 4292 559 4361; x_wconf 75' lang='lat' dir='ltr'><strong>cognomento</strong></span> <span class='ocrx_word' id='word_1_250' title='bbox 579 4284 766 4346; x_wconf 85' lang='lat' dir='ltr'><strong>Stratonicus</strong></span> <span class='ocrx_word' id='word_1_251' title='bbox 784 4295 887 4346; x_wconf 83' lang='lat' dir='ltr'><strong>sextus</strong></span> <span class='ocrx_word' id='word_1_252' title='bbox 905 4288 967 4348; x_wconf 87' lang='lat' dir='ltr'><strong>eius</strong></span> <span class='ocrx_word' id='word_1_253' title='bbox 981 4286 1109 4349; x_wconf 80' lang='lat' dir='ltr'><strong>nominis</strong></span> <span class='ocrx_word' id='word_1_254' title='bbox 1123 4292 1284 4347; x_wconf 78' lang='lat' dir='ltr'><strong>coronatur</strong></span> <span class='ocrx_word' id='word_1_255' title='bbox 1293 4280 1360 4340; x_wconf 65' lang='lat' dir='ltr'><strong>Au·</strong></span> 
     </span>
    </p>
   </div>
   <div class='ocr_carea' id='block_1_9' title="bbox 0 0 1522 4840">
    <p class='ocr_par' dir='ltr' id='par_1_11' title="bbox 0 0 1522 4840">
     <span class='ocr_line' id='line_1_37' title="bbox 0 0 1522 4840; baseline 0 2"><span class='ocrx_word' id='word_1_256' title='bbox 0 0 1522 4840; x_wconf 95' lang='lat' dir='ltr'><strong> </strong></span> 
     </span>
    </p>
   </div>
  </div>
 </body>
</html>
