2934 4838
254 351 331 426 714
547 349 785 431 oesttttvet.
809 350 1050 424 Plfflmlt.

337 524 391 585 xt
430 524 585 584 Ceeterutn
601 517 1358 601 ut'nihilmeritoden'deretnradpnledmeo-

253 631 322 674 rum
341 627 416 688 qnae
432 608 472 669 ad
490 607 569 667 hano
586 605 718 686 eelipeim
735 604 890 685 pertinent
903 603 1147 684 intelligntiem,
1174 617 1280 668 ruem
1298 611 1356 669 de-

250 693 476 757 monatrandum
488 693 606 752 nullutn
619 691 712 751 alium
723 690 794 750 nott·
806 688 955 753 desuetum
964 690 1046 749 eirea
1062 691 1182 752 obitum
1199 692 1356 755 Thnoderi

252 781 424 858 contigisse,
451 780 501 838 oui
517 775 707 856 Paelrymen‘a
727 774 886 857 dompno
903 775 1063 841 eonvenite
1082 777 1191 858 penit
1236 788 1272 839 et
1294 779 1354 841 hoe

250 866 367 945 quidem
380 865 424 924 aie
437 863 672 928 demonstratur.

331 986 454 1045 Certum
474 990 520 1041 eet
537 999 578 1040 ex
594 978 707 1058 legrhue
725 978 928 1040 eetronomicie
941 1000 1019 1041 enno
1036 979 1153 1042 cerini
1167 982 1268 1057 12⁵9,
1286 1002 1347 1061 quo

247 1069 425 1130 Theodorus
445 1067 524 1129 diem
546 1065 665 1141 claruit,
686 1074 853 1125 utremum
872 1085 972 1126 menee
993 1065 1130 1145 Angusto
1156 1068 1344 1129 novilnre'nn

245 1148 312 1216 tem
330 1155 463 1217 medinm
481 1171 570 1231 quam
590 1169 695 1212 verum
712 1150 866 1229 contigieae
880 1160 969 1211 nocte
982 1151 1084 1212 medie
1097 1152 1185 1211 inter
1198 1151 1340 1213 eodm

244 1260 361 1303 nonum
384 1248 415 1300 et
433 1237 604 1315 vigesimum
626 1235 705 1294 diem
726 1236 856 1295 eiusdem
869 1235 993 1314 menaie5
1011 1245 1046 1296 et
1057 1237 1201 1316 quamvie
1214 1237 1342 1299 interdiu

247 1326 408 1399 extitisset,
429 1323 594 1402 eclipticum
610 1329 710 1382 temen
726 1339 788 1380 non
802 1322 919 1398 luieeet,
939 1322 1008 1400 qnia
1022 1322 1140 1382 modim
1155 1332 1266 1383 metue
1277 1324 1343 1383 leti-

246 1411 361 1471 tudinie
380 1411 468 1469 lnnee
489 1408 561 1488 eigo.
576 1406 646 1473 dG.
659 1412 708 1473 17.
721 1410 773 1474 86·
785 1408 836 1474 61.
849 1404 1015 1487 louginime
1027 1409 1177 1470 terminon
1193 1408 1344 1495 Quom

244 1492 504 1577 preetmgreditur.

330 1613 453 1674 Constet
471 1629 589 1691 qnoque
608 1610 694 1670 iuxta
707 1609 823 1675 endem
834 1609 911 1690 leger
926 1608 1006 1671 alind
1019 1609 1217 1672 novilunium
1229 1613 1345 1694 enl'ptl-

245 1720 315 1760 cum
335 1699 439 1759 eedem
458 1718 536 1759 enno
559 1706 628 1755 ente
654 1715 783 1756 menaem
802 1694 966 1777 Angustum
987 1705 1020 1755 et
1039 1694 1195 1757 Theodori
1215 1710 1346 1761 mortue

244 1784 363 1845 nullum
380 1784 512 1845 extitieee
524 1791 733 1864 praeterquam
744 1782 775 1842 in
788 1800 888 1841 meme
899 1781 993 1863 Aprili
1007 1780 1055 1839 die
1064 1786 1120 1859 28,
1141 1783 1249 1845 medie
1260 1796 1344 1847 motu
1382 1838 1386 1849 ,

243 1869 411 1931 latitudinis
430 1869 519 1930 lunae
545 1870 577 1933 S.
596 1873 626 1933 0.
655 1868 690 1927 G.
713 1868 763 1933 15.
782 1866 813 1931 4.
832 1871 884 1931 22.
911 1867 992 1925 intra
1012 1864 1155 1927 terminer
1177 1870 1344 1947 possibiles,

244 1956 327 2035 quod
349 1955 438 2015 etiem
459 1954 527 2032 quie
547 1954 669 2012 Niceeee
689 1951 777 2031 paulo
793 1960 862 2010 ente
875 1951 1003 2015 mediam
1018 1961 1137 2015 noctem
1153 1954 1343 2015 celebratum

242 2051 303 2116 eet,
331 2041 401 2105 aolia
425 2039 573 2099 desectum
588 2036 731 2099 vieibilem
750 2054 814 2096 non
830 2033 975 2095 exhihuit.
1019 2038 1218 2114 qudmohrem
1241 2041 1342 2100 nullm

240 2145 276 2193 co
291 2146 370 2185 enno
383 2125 452 2185 tolie
468 2124 599 2184 delectue
613 2132 702 2203 eptue
714 2121 772 2181 tuit
784 2121 824 2180 ad
838 2118 1056 2201 eignilicendem
1069 2131 1123 2182 aut
1138 2124 1341 2187 nuntiandam

239 2209 391 2291 Theodori
404 2221 546 2271 mortem:
567 2208 663 2269 multo
678 2209 790 2281 minua,
811 2207 836 2265 ei
850 2207 916 2284 quie
928 2207 1084 2287 eontigerit
1099 2210 1189 2268 ennio
1200 2212 1340 2290 euperio-

237 2295 336 2370 tibur,
357 2296 414 2355 niai
430 2296 455 2354 ie
474 2295 631 2355 dumtaxat
644 2293 696 2372 qui
708 2294 740 2357 in
755 2290 840 2353 aditu
850 2293 912 2352 elue
922 2292 1037 2375 imperii
1050 2312 1068 2350 a
1082 2291 1273 2372 Peehymere
1291 2317 1340 2355 ee-

236 2389 373 2459 eumptue
389 2389 498 2439 ettam
518 2378 686 2440 horrendus
704 2376 873 2456 designatur
884 2387 944 2454 eet,
965 2378 1017 2457 qni
1034 2385 1066 2436 et
1079 2395 1097 2436 e
1110 2379 1200 2439 nohia
1213 2379 1266 2440 hic
1278 2381 1337 2442 enie

235 2466 323 2523 certio
351 2463 573 2532 chmotmihue
600 2463 758 2545 insignitur
777 2470 810 2524 et
831 2460 872 2523 ad
889 2462 980 2526 enen
1001 2462 1071 2523 enni
1089 2473 1163 2546 poet
1180 2464 1335 2527 Quum

233 2550 316 2617 1255
327 2549 453 2629 potitur.

317 2650 365 2715 ld
385 2650 469 2711 cuiue
488 2648 694 2729 chronologiae
714 2650 968 2711 confirmationem
993 2659 1064 2711 tuto
1080 2646 1190 2715 reterri
1206 2662 1333 2734 ponunt

234 2737 308 2803 aliae
328 2736 404 2797 duee
425 2735 506 2818 epnd
521 2734 721 2816 Nicephorum
733 2736 895 2816 Gregorem
907 2736 927 2797 l
939 2740 959 2801 9
971 2734 1050 2802 ltin.
1063 2756 1090 2796 e.
1101 2737 1210 2798 ultimo
1223 2738 1327 2796 olm-

234 2831 321 2881 vetne
341 2824 459 2904 eclipeee
480 2823 557 2881 circe
575 2830 702 2881 mortem
721 2819 886 2882 Andronici
907 2821 1050 2897 Senioria,
1071 2821 1166 2883 altera
1184 2822 1268 2880 lunae
1284 2839 1323 2881 eo

234 2907 299 2986 ipso
317 2907 364 2968 die
381 2930 441 2988 quo
459 2926 528 2967 eum
546 2907 624 2967 mori
639 2907 779 2986 contigit,
801 2911 842 2972 12
854 2906 1008 2967 Februarii
1022 2926 1103 2966 enno
1116 2905 1219 2966 Christi
1229 2909 1343 2986 1882,¹

235 2994 326 3052 altere
345 2994 414 3054 eolie
421 3040 431 3072 ‚
452 3013 528 3073 quae
539 3001 587 3052 tot
600 2992 703 3052 diehue
717 3000 844 3055 mortem
858 2991 1042 3074 imperatoria
1058 2990 1229 3073 praecenit,
1250 3001 1330 3068 quot

233 3076 296 3183 ipse
313 3080 399 3139 enuie
420 3080 452 3139 in
467 3079 543 3140 uvis
555 3078 661 3138 fuerat
702 3074 904 3159 tmoztvqon,
924 3077 1036 3156 inquit,
1056 3074 1166 3160 dumo}
1180 3072 1329 3150 τοσαύτας

232 3162 347 3262 uplpeq
357 3169 558 3266 προειληφυῖα
570 3160 628 3263 erio
641 3154 737 3226 odrae
749 3155 903 3263 velmede,
926 3157 984 3226 deo
998 3157 1149 3263 eenhoer'ede
1160 3152 1203 3241 ἤν
1214 3159 1272 3240 Ιτη
1285 3157 1326 3223 ed

230 3248 819 3411 tetttttttutftttttt
830 3249 989 3412 111.ἷεῖ
1009 3245 1324 3414 ‘mm

229 3424 260 3474 et
282 3426 412 3494 quotuor
430 3417 494 3477 dieo
511 3419 592 3478 inter
609 3419 672 3478 illae
688 3418 809 3498 eclipaee
822 3420 1068 3479 intemeeeerunte
1088 3436 1158 3478 nem
1169 3414 1239 3475 aelia
1249 3416 1325 3495 qui-

227 3500 296 3560 dem
319 3502 397 3561 facta
417 3511 463 3561 eet
484 3505 527 3568 80
546 3503 596 3563 die
612 3504 786 3564 Novembria
799 3523 878 3563 anno
891 3502 1001 3563 Che-icti
1015 3507 1095 3569 teet
1111 3503 1144 3562 in
1156 3501 1327 3579 novilunio,

227 3586 310 3665 quod
325 3594 400 3648 tuuc
417 3586 533 3661 extitit,
556 3589 646 3648 lunae
662 3609 737 3649 vero
755 3589 788 3649 in
808 3588 987 3670 plenilunio,
1005 3588 1089 3666 quod
1103 3587 1228 3667 contigit
1243 3608 1327 3648 enno

225 3680 367 3750 aequente
389 3676 429 3738 12
448 3671 611 3735 Februarii.
653 3682 685 3734 et
702 3674 746 3733 ite
764 3672 1072 3737 eaetaleulaenuetrue
1083 3682 1324 3753 repre-entant

222 3766 254 3816 et
265 3759 409 3821 Calvieim
421 3758 453 3817 in
467 3755 664 3837 chronologia
675 3778 754 3820 enno
769 3757 880 3820 (lineet
889 3762 968 3827 1881
982 3768 1014 3818 et
1024 3763 1107 3825 1882
1119 3758 1256 3838 priorem
1268 3759 1327 3818 ele·

223 3853 324 3903 eervat
342 3849 385 3911 80
403 3843 577 3904 Neeernhn'e
597 3843 647 3903 die
664 3845 738 3905 secto
760 3847 791 3909 S.
804 3844 955 3921 Andreae,
975 3853 1086 3924 apert
1097 3843 1161 3904 dieo
1174 3843 1218 3910 74
1231 3863 1326 3904 και-

222 3936 287 3987 tam
307 3929 352 3989 eit
366 3927 530 3990 Andronici
541 3938 670 3991 mortem
682 3930 731 3990 die
743 3937 784 3996 12
794 3931 949 3991 Februarii
955 3972 964 4007 ‚
984 3929 1068 3991 nulla
1079 3928 1232 3989 mentione
1248 3930 1325 3989 ecli-

222 4013 283 4092 peie
301 4015 390 4074 lunae
407 4014 526 4091 habite,
549 4030 619 4075 eum
631 4024 733 4076 temen
745 4015 946 4098 Nicephorum
958 4024 1113 4077 auctorem
1123 4014 1246 4091 laudet,
1269 4013 1326 4093 qui

222 4098 380 4178 utriunque
404 4100 513 4161 diaerte
530 4101 665 4163 menu'nit
678 4110 711 4161 et
722 4110 881 4181 utramque
899 4099 986 4183 periit
999 4101 1079 4161 inter
1090 4100 1174 4180 aigne
1186 4109 1324 4163 morum

221 4180 410 4260 imperatorie
426 4184 574 4247 divitum
591 4187 848 4265 praenuntiantia,
869 4206 939 4248 oum
954 4185 998 4246 eit
1013 4189 1195 4268 npoequeieo
1208 4182 1322 4249 πολλὰ

220 4261 1321 4437 tlttlfftthl‘inffll‘lrttlffllmniididffl
1433 4324 1434 4417 i

578 4395 588 4431 Ι
