3054 4842
236 346 312 419 538
536 343 770 416 OBSERVAT.
793 342 1027 419 mentm.

234 514 272 572 sb
293 510 434 573 occiduis
453 508 590 591 partibas
612 530 680 571 oum
698 508 938 570 numerosissimo
954 508 1091 569 exercitu
1102 511 1229 574 infestos
1241 516 1325 575 Con-

236 597 429 676 stantinopoli
448 615 480 657 se
504 596 660 672 admovet,
682 595 770 656 obvia
790 614 925 674 quaeque
943 594 1029 655 suedo
1050 606 1173 657 vastans
1187 612 1217 657 et
1230 602 1324 660 molta

233 680 404 762 blaspheme
418 681 452 739 in
472 681 561 741 deum
577 681 704 743 minans.
747 678 850 739 eodem
869 688 1004 759 tempore
1021 681 1169 742 Soa-berna
1188 685 1293 745 misens
1307 707 1327 745 a

234 766 364 826 Chosroa
379 784 448 825 oum
464 766 560 844 copiis
572 764 763 824 validissimis
775 763 942 825 orientales
961 765 1134 844 provincias
1151 767 1211 827 lats
1223 791 1327 851 popu-

233 852 311 911 lstns
330 860 360 910 et
378 850 444 930 ipse
463 852 556 910 altera
570 868 607 909 ax
622 859 703 931 parts
717 849 1008 930 Constantinopolim
1032 851 1222 929 aggreditur,
1245 855 1325 915 ferro

232 936 411 1014 flammiqns
428 934 705 1015 passim‘saevisns.
746 928 818 994 in‘de
838 953 878 994 ex
902 934 1070 1015 composito
1096 935 1215 997 barbari
1238 939 1324 1000 ambo

233 1030 314 1081 tarsa
329 1020 462 1098 morique
472 1018 578 1079 urbem
590 1019 680 1079 simul
694 1028 881 1100 oppugnant.
922 1020 975 1079 aad
987 1039 1056 1078 oum
1070 1021 1240 1099 patriarcha
1251 1025 1323 1084 Seu-

234 1106 301 1186 gius
315 1104 462 1186 populum
476 1105 513 1163 ad
528 1103 681 1164 fidendum
693 1104 723 1162 in
739 1105 875 1185 deiparae
888 1103 1054 1185 pahooinio
1066 1106 1220 1186 ipsamque
1232 1109 1324 1168 invo-

237 1190 363 1251 candam
383 1208 445 1247 non
462 1188 572 1249 frustra
587 1198 665 1249 asset
682 1188 873 1266 adhortatus,
893 1198 954 1248 tam
976 1189 1130 1250 manifesta
1150 1192 1194 1250 ira
1218 1192 1266 1251 dai
1289 1194 1322 1253 in

234 1285 399 1353 utramque
408 1272 546 1334 hostilem
560 1273 724 1335 exercitum
735 1273 880 1349 incubuit,
900 1283 937 1333 ut
949 1283 980 1333 st
992 1284 1144 1335 terrestres
1156 1275 1258 1355 copias
1270 1277 1323 1337 iu-

237 1360 409 1420 ternsoions
427 1358 609 1436 delerentur,
631 1369 660 1419 st
676 1358 778 1419 classis
791 1359 933 1419 universa
947 1369 1057 1420 exortu
1072 1360 1213 1439 procellae
1226 1361 1318 1421 subi-

237 1453 303 1520 tas,
324 1463 363 1504 ex
385 1442 453 1503 sinu
472 1444 583 1504 Ceratis
606 1444 688 1504 dioto
706 1443 745 1502 ad
762 1444 997 1505 substructiones
1016 1445 1118 1525 templi
1133 1444 1265 1525 deiparae
1283 1445 1317 1504 in

235 1529 340 1590 littore
354 1529 390 1588 sd
405 1527 584 1589 Blachernas
594 1529 654 1607 siti,
674 1529 757 1588 allisa
771 1531 967 1605 frangeretur.
1008 1530 1041 1589 in
1054 1530 1210 1608 gratiarnm
1220 1530 1319 1590 sotio-

235 1634 305 1675 ηοω
336 1634 392 1694 pro
415 1622 500 1674 tanta
528 1614 655 1674 victoris
677 1614 810 1695 populus
832 1613 1176 1696 constantinopolitanus
1199 1626 1323 1676 noctem

234 1697 427 1782 pervigilavit
449 1699 482 1758 in
501 1697 639 1759 landibns
659 1698 812 1781 deiparae,
832 1709 863 1760 et
876 1700 1077 1761 anniversaria
1091 1700 1231 1780 dsinosps
1245 1701 1325 1761 reli·

236 1784 326 1865 gione
348 1784 429 1845 idem
446 1792 583 1864 repetens
600 1784 719 1844 initium
739 1784 825 1845 dedit
846 1783 920 1845 huic
943 1786 1035 1861 festo,
1062 1785 1144 1864 quod
1163 1786 1271 1847 deinde
1290 1787 1325 1846 iu

232 1889 396 1952 persamm
418 1868 588 1929 firmitatem
608 1878 653 1930 est
669 1868 834 1930 nobilitum
848 1869 962 1952 duplici
981 1871 1040 1930 alio
1055 1869 1195 1951 deiparae
1209 1871 1324 1932 benefi-

234 1955 293 2016 nio.
334 1976 403 2014 nam
419 1973 489 2014 cum
504 1963 573 2035 post
588 1973 699 2015 annum
712 1954 895 2033 vigesimum
909 1962 1028 2016 sextum
1039 1955 1161 2035 imperii
1177 1958 1325 2017 Constan-

234 2039 293 2099 tini
313 2039 455 2118 Pogonoti
475 2041 688 2099 Saracenorum
702 2039 932 2100 innumerabiles
947 2039 1051 2121 copiae
1066 2042 1325 2124 Constantinopo-

233 2123 290 2183 lim
311 2133 377 2185 toto
398 2123 553 2205 septennio
582 2123 853 2196 circumsedissent,
883 2125 1012 2185 evidenti
1032 2145 1089 2206 ope
1110 2126 1288 2207 imploratos
1306 2148 1325 2187 ι

234 2208 576 2290 constantinopolitanis
600 2210 633 2271 in
660 2210 806 2271 auxilium
834 2208 972 2291 deiparae
999 2211 1133 2291 primum
1160 2212 1326 2273 hiemantes

234 2294 338 2373 Cyzici
357 2295 469 2354 multos
487 2314 611 2355 suorum
634 2295 771 2371 amisere,
791 2314 864 2355 mox
881 2305 964 2356 metu
977 2294 1009 2355 in
1029 2295 1129 2375 tagam
1148 2297 1243 2358 classe
1256 2306 1325 2357 sota

129 2383 154 2439 P
168 2384 220 2440 866
238 2379 276 2437 ad
287 2380 425 2456 Sylaeom
437 2379 594 2456 ingruente
606 2379 776 2441 usvissima
787 2389 963 2462 tempestate
973 2380 1118 2440 submersi
1130 2383 1231 2442 canuti
1242 2391 1322 2442 sont.

233 2471 384 2545 postremo
398 2463 453 2522 aab
467 2464 565 2523 Leone
575 2464 677 2524 Issum
687 2465 791 2525 iisdem
807 2466 945 2526 Sarsoetd
958 2465 1092 2526 victoriis
1102 2467 1217 2541 tumidi,
1239 2466 1320 2545 quod

233 2549 390 2610 Pariorum
402 2566 528 2625 regnum
541 2549 729 2623 evntissent,
750 2550 934 2631 Aegyptum,
956 2551 1100 2627 diuisam,
1120 2550 1317 2628 Aethiopiam,

234 2631 333 2713 ipsam
343 2632 433 2692 stiam
444 2631 620 2714 Hispaniam
633 2633 854 2697 incursionibus
866 2644 1039 2714 vastassent,
1050 2654 1112 2695 com
1123 2634 1205 2694 mille
1215 2634 1315 2694 ootio-

236 2716 332 2797 gentis
358 2716 484 2778 navibus
505 2718 793 2800 Constantinopolim
815 2731 1039 2802 oppugnantes,
1062 2720 1118 2779 iam
1141 2720 1258 2799 iamque
1278 2726 1316 2778 ut

236 2801 394 2883 spsrabant
408 2802 535 2881 capturi,
555 2800 692 2883 dtip'arae
704 2825 790 2865 snam
802 2807 906 2867 uilem
916 2808 1028 2869 tuentis
1039 2826 1095 2887 ope
1106 2805 1224 2864 contriti
1235 2812 1316 2875 sant,

235 2889 370 2969 primum
394 2888 553 2969 plusquam
579 2888 687 2969 viginti
707 2890 840 2951 millibus
868 2891 1005 2973 ipsorum
1026 2913 1045 2951 a
1064 2890 1196 2970 Bulgasis
1218 2890 1320 2965 uasis,

236 2972 348 3035 dsinds
369 2974 539 3035 foedissimo
565 2975 603 3034 ad
632 2973 822 3035 Sosthenium
843 2977 998 3056 naufragio
1019 2976 1112 3037 classe
1137 2975 1265 3036 maxims
1282 2994 1323 3035 ex

236 3068 324 3138 parta
335 3059 447 3133 dslsts3
468 3057 595 3138 denique
606 3080 693 3121 sasas
705 3061 782 3121 lame
795 3061 929 3142 ipsoram
939 3061 1075 3141 reliquiis
1086 3081 1179 3141 usqua
1192 3062 1230 3122 ad
1241 3080 1322 3121 saum

236 3140 436 3205 humanorum
458 3144 649 3221 adsuetum,
678 3146 753 3226 quin
775 3155 806 3206 et
827 3155 1007 3223 atomorum,
1034 3147 1164 3222 adactis,
1185 3146 1256 3206 dnm
1275 3153 1323 3204 tot

235 3228 315 3287 mala
337 3231 426 3311 pauci
447 3230 619 3312 superstites
640 3232 786 3309 fugientes
812 3251 880 3292 oum
904 3233 1030 3292 residuis
1050 3232 1178 3312 navigiis
1196 3232 1322 3311 perdo·

235 3330 342 3390 gasnm
360 3325 505 3389 currum,
525 3315 656 3376 immissa
676 3314 820 3377 divinitus
842 3318 986 3395 grandine
1005 3317 1140 3395 ardenti,
1159 3317 1246 3376 ouius
1258 3315 1323 3376 lsr-

235 3414 296 3456 vor
314 3397 411 3475 piossn
432 3418 490 3476 qus
513 3400 630 3461 tabulae
649 3402 772 3461 navium
792 3403 1052 3480 agglutimbantur
1064 3402 1232 3481 liquefecit,
1252 3420 1323 3460 oum

229 3498 291 3539 'sua
311 3479 353 3538 ibi
375 3502 477 3543 omnes
497 3485 590 3545 classe
606 3484 776 3566 petierunt,
797 3487 894 3548 tribus
905 3496 1021 3547 tantum
1035 3487 1163 3547 navibus
1176 3486 1213 3546 ad
1229 3484 1324 3545 cladis

234 3562 381 3625 indicium
395 3566 672 3639 domumreversis.
714 3566 765 3634 διὰ
780 3576 873 3634 τοῦτο
893 3572 1034 3651 (subiicit
1047 3566 1128 3632 idsm
1142 3571 1266 3650 auctor)
1286 3565 1322 3632 sai

235 3646 380 3728 νπορφνῆ
400 3648 557 3731 θαυμάσια
575 3658 629 3732 τῆς
649 3649 806 3738 πανᾶγνον
820 3655 871 3719 stol
883 3651 1071 3740 θεομήτορος
1087 3653 1144 3735 τὴν
1163 3660 1323 3737 πονοῦσαν

235 3728 343 3813 ἑορτὴν
365 3728 548 3840 ἑορτάζομεν.
591 3733 800 3815 istiusmodi
814 3741 944 3849 slpnsas,
966 3741 1041 3807 laisa
1052 3735 1245 3824 ὀρθοστάδην
1255 3734 1323 3803 nita

233 3821 297 3892 saie
310 3816 409 3894 itale
421 3842 496 3881 aava
510 3816 568 3901 ssia
581 3816 677 3886 νύκτα
693 3825 811 3906 holana
824 3850 878 3890 τον
890 3822 991 3909 ὕμνον
1007 3831 1048 3913 τῇ
1063 3830 1118 3889 τοῦ
1129 3820 1221 3909 λόγον
1233 3821 1322 3906 μητρὶ

228 3902 387 3983 'ipsidiam
406 3901 457 3966 sol
481 3898 528 3968 lu
549 3904 583 3968 lv
602 3912 678 3970 πᾶσι
698 3917 761 3985 τοῖς
782 3907 882 3986 ἄλλοις
901 3912 996 3987 οἴκοις
1012 3915 1174 3992 καθῆσθαι
1186 3910 1218 3985 ἐξ
1229 3909 1322 3982 tuone

225 3987 363 4068 Ἔχοντες,
379 3988 412 4052 ἐν
423 3994 487 4063 τοῖς
500 3995 631 4069 πονοῦσι
642 3997 696 4073 τῆς
706 3992 892 4079 osoplon&
904 3991 996 4077 ὀρθοὶ
1008 3992 1118 4070 πάντες
1128 3988 1322 4074 oixoooipata.

235 4071 296 4132 hoo
311 4077 367 4133 est‘:
384 4084 509 4154 propter
527 4075 603 4136 haee
622 4081 726 4138 omnia
745 4091 810 4139 tom
828 4080 1017 4141 odtniranda
1034 4103 1055 4140 o
1076 4082 1251 4140 satissime
1273 4075 1323 4136 dei

226 4160 380 4233 genitrice
408 4180 498 4240 opero
519 4172 651 4240 patrato
672 4177 860 4241 praesentem
884 4165 965 4226 diem
983 4167 1103 4246 sectum
1129 4164 1322 4223 celebramus.

234 4239 416 4301 Aootlsntos
430 4265 513 4323 vero,
540 4248 633 4324 quasi
647 4266 753 4305 curent
764 4254 908 4325 sessione,
929 4250 1032 4310 dictae
1046 4260 1105 4325 est,
1127 4246 1213 4328 quod
1219 4266 1322 4325 popu·

234 4318 288 4376 11⁴0
301 4333 369 4384 toto
379 4338 466 4387 noete
479 4326 591 4388 stmsdo
602 4327 748 4407 leym
760 4332 906 4414 despesos
918 4338 1073 4414 oonoinat,
1093 4330 1237 4415 quodque
1249 4348 1322 4390 ossas
