3054 4842
195 293 200 312 '
250 325 328 399 554
552 320 1046 396 numennumen

249 492 333 553 huno
346 492 445 554 lenum
458 510 563 572 perum
580 470 731 553 eldososm
745 489 843 550 visun
855 488 894 548 iri
907 487 947 548 ed
961 485 1204 549 eoniirmsudnm
1214 487 1247 549 id
1258 488 1340 569 qnod

250 578 334 653 dixi,
356 577 395 637 de
415 577 581 636 iuramento
601 575 757 635 finnsndie
772 572 869 654 puetis
882 593 938 653 per
949 568 1092 654 lendium
1104 572 1171 632 desi
1186 575 1290 649 solito,
1310 576 1338 634 ei

248 662 343 721 lenter
367 660 404 720 de
426 661 484 721 isto
506 661 704 721 Centeeuzsni
722 658 894 720 testimonio
911 657 1025 719 iudieet
1037 678 1077 719 ex
1089 659 1228 719 veniens
1240 659 1339 719 eredi-

246 745 351 806 tiesimi
371 745 470 805 lecobi
491 746 618 806 Pontsni
634 745 738 804 nostri.
779 744 805 805 ie
820 743 900 803 enim
915 741 992 802 nihil
1007 743 1050 803 ibi
1062 744 1198 822 agnoseit
1213 764 1340 821 sectum,

248 832 287 890 ed
303 829 425 890 civilem
439 849 579 911 musque
591 829 755 890 'humsnem
771 828 1006 889 observationem
1021 839 1130 888 onnots
1148 828 1338 909 detorquens,

248 915 321 975 dum
335 915 379 975 sic
390 916 480 976 verbs
492 915 581 975 modo
591 914 739 995 descripte
752 914 856 974 hune
870 913 989 977 reddite
1004 915 1191 994 poeieoentee
1202 917 1337 994 nuptiae,

249 1011 277 1059 ee
303 1021 385 1059 more
402 1002 543 1059 lionemeo
560 1000 711 1079 pronubis
731 999 897 1060 monilibus
922 998 962 1058 de
981 999 1060 1058 eollo
1080 996 1242 1079 gestandis
1266 1012 1339 1057 noso

250 1087 469 1164 confirmauere.
510 1104 580 1145 eum
592 1086 629 1144 sb
641 1086 722 1145 omni
733 1083 972 1163 reprehendendi
983 1103 1163 1165 quemquem
1176 1085 1338 1165 supercilio

249 1168 395 1230 abhorreo
410 1179 535 1245 netum,
556 1180 621 1229 tum
635 1168 724 1230 huius
739 1169 798 1229 viri
810 1169 968 1250 prescipue
988 1188 1036 1229 use
1052 1168 1168 1228 dudum
1188 1170 1339 1229 venerstio

248 1254 337 1315 uelde
354 1255 483 1314 alienum
505 1254 578 1315 iseit
602 1255 639 1314 ob
658 1255 721 1315 eins
741 1254 918 1333 cogitetione
935 1253 1107 1333 sugillendi.
1147 1263 1244 1313 husen
1261 1256 1336 1333 quie

249 1339 360 1402 enine
372 1340 489 1399 eunctis
501 1338 655 1399 effectibus
667 1339 815 1415 entietst,¹
828 1360 889 1400 non
904 1358 1024 1419 possum
1038 1337 1182 1399 ebetinue
1192 1336 1265 1417 quin
1279 1337 1333 1397 lsio

249 1444 349 1485 meum
370 1424 406 1483 sb
429 1424 492 1484 eius
512 1426 657 1485 sententie
673 1425 825 1485 diversum
840 1423 985 1484 indicium
997 1443 1175 1505 proponere,
1195 1441 1331 1502 preesse·-

248 1511 303 1570 tim
326 1529 395 1569 eum
417 1509 502 1569 illum
522 1510 641 1569 videnm
659 1529 735 1590 quse
748 1510 780 1570 in
795 1507 1041 1591 interpretetione
1055 1508 1168 1590 posuit,
1188 1507 1279 1567 etism
1295 1506 1331 1566 in

248 1593 334 1655 Notio
353 1592 501 1654 sffirmere
517 1594 729 1674 sdeteuereque
740 1595 925 1675 diligentiue3
950 1613 984 1653 ee
1003 1614 1094 1674 porro
1112 1592 1172 1653 siut
1187 1592 1334 1653 ιὶιιιιιιιὶί

247 1688 284 1740 ut
306 1679 365 1738 nisi
389 1688 605 1758 oosrguentur,
636 1680 736 1739 locum
760 1690 862 1742 tenere
887 1698 975 1741 suum
992 1699 1028 1739 so
1047 1679 1167 1761 prolsri
1187 1687 1338 1759 nequeunt

248 1784 326 1845 ques
339 1774 442 1825 noster
456 1764 651 1845 Psehymsres
665 1764 717 1825 lsie
727 1765 867 1826 affirmet.
897 1773 1034 1825 recenset
1044 1763 1088 1824 elei
1101 1763 1246 1825 nimirum
1257 1765 1337 1825 Pon·

245 1858 335 1910 unns
358 1845 501 1934 lyeo'lnen
530 1849 662 1932 nuptisli
689 1851 892 1931 supellectili,
920 1849 1024 1910 serlrss
1049 1857 1080 1910 st
1105 1850 1246 1930 pronubo
1267 1869 1336 1910 mu·

245 1935 388 2012 nusoule,
410 1955 443 1995 es
459 1935 669 2017 interpretem,
686 1936 822 2015 quelibus
833 1938 891 2011 vir,
911 1934 1020 2015 inquit,
1039 1955 1184 2014 eponenes
1194 1956 1250 1995 eeu
1262 1956 1337 1994 neo-

245 2041 308 2079 rem
327 2020 389 2079 eibi
398 2022 550 2098 futuram
568 2024 766 2101 oppignerare
781 2018 1003 2103 quodammodo
1025 2024 1191 2080 commis.
1232 2029 1264 2081 et
1280 2021 1337 2081 sui-

139 2107 162 2162 P
178 2110 229 2166 ³79
244 2124 314 2166 rum
330 2106 433 2165 stetim
448 2106 481 2166 in
499 2106 605 2168 tellum
626 2126 727 2166 rerum
746 2126 870 2167 numero
887 2104 1035 2166 nominsn'
1046 2105 1211 2181 sennium,
1232 2125 1337 2165 munus

245 2191 351 2270 utique
366 2211 402 2250 so
414 2189 575 2271 digitorum
590 2201 756 2270 gestemen,
777 2212 838 2252 nou
853 2191 937 2251 sinus
951 2211 986 2250 so
1000 2190 1150 2272 pectoris,
1170 2199 1263 2272 prout
1276 2200 1349 2252 eret·

248 2295 385 2354 neeesse,
406 2284 442 2334 ut
461 2276 500 2335 ed
523 2276 706 2361 lpeolnlnm
723 2295 823 2337 smum
843 2296 860 2337 e
882 2277 1003 2336 oolloin
1016 2275 1116 2336 sinum
1133 2275 1338 2356 pendentium,

248 2361 371 2420 oleeeem
392 2360 563 2423 referretur.
605 2371 708 2423 contre
732 2382 764 2421 ee
786 2382 842 2423 nos
862 2362 987 2421 dicimus
1007 2380 1075 2421 cum
1092 2370 1197 2421 nostro
1216 2360 1339 2441 Pachy-

246 2456 327 2505 vmere
349 2444 481 2523 vulgetis
500 2465 573 2507 usus
595 2467 630 2507 so
650 2447 814 2527 promiscui
829 2441 969 2528 trellum
983 2446 1089 2523 fuisse,
1111 2445 1336 2526 plurimumque

248 2548 266 2589 s
286 2548 358 2589 vero
381 2528 533 2607 eberrers,
553 2532 628 2593 telis
641 2533 739 2594 eolum
752 2552 768 2590 ι
782 2532 883 2614 procis
898 2532 930 2591 in
946 2530 1077 2611 coniugii
1087 2530 1192 2609 pignus
1205 2527 1290 2604 dete,
1311 2549 1332 2586 ι

246 2614 318 2674 ιοΙίι
333 2624 456 2696 eccepn
467 2624 639 2699 gestetequs
652 2616 895 2698 nupturientibue
909 2617 1000 2677 luisse
1014 2613 1134 2678 leminis.
1176 2620 1330 2695 presteree

247 2700 454 2761 contendimus
472 2701 627 2781 religionis
646 2702 703 2762 iste
723 2702 868 2780 insignis,
891 2722 950 2761 non
972 2698 1120 2762 muliebris
1137 2705 1255 2758 tentum
1272 2706 1330 2757 sut

246 2786 346 2847 civilis
356 2795 478 2847 ornetue
491 2788 610 2848 monilis
625 2787 731 2866 iuieee5
752 2788 865 2868 quippe
877 2807 953 2867 quse
966 2793 1040 2850 θεῖα
1052 2779 1256 2865 nonime,
1276 2779 1331 2841 di·

245 2872 467 2951 rinnesornene
480 2872 637 2956 impressus
652 2882 704 2932 eut
720 2873 886 2955 ineeulptee
905 2873 1106 2954 pressere-ent,
1124 2879 1156 2930 et
1168 2868 1272 2929 merito
1283 2867 1331 2928 id·

245 2957 327 3017 eiroo
345 2966 527 3019 vocarentur
549 2951 816 3039 lspduspeeippeen
833 2978 925 3018 soora
938 2957 1087 3017 ηηιιιὶιιιι.
1128 2963 1268 3037 putemne
1281 2973 1335 3013 eu-

244 3050 307 3102 tem
334 3042 436 3116 illum,
464 3043 547 3104 ouius
566 3044 791 3104 Centscuzenue
814 3043 962 3121 meminit,
990 3044 1202 3105 nomm
1223 3060 1337 3099 moene

239 3117 393 3205 Ῥωμαίων
407 3127 480 3204 ἔθος
491 3148 554 3189 uon
567 3127 606 3187 ed
621 3137 709 3209 pecte
724 3129 868 3209 nuptialia
883 3128 1007 3211 proprie
1021 3127 1211 3202 moinum,
1231 3125 1284 3186 sed
1296 3124 1336 3185 ud

245 3230 334 3270 omne
355 3211 413 3272 lete
433 3213 610 3294 pertinuisse
631 3216 864 3274 conventionum
883 3234 992 3293 genus,
1011 3213 1053 3273 its
1069 3221 1157 3273 utex
1172 3219 1336 3271 ωιιιιιιιιι-

244 3294 315 3354 ‹lins
335 3296 753 3380 eonenntinopolinnorum,
774 3300 953 3379 quicumque
971 3297 1094 3378 quidvis
1111 3297 1239 3358 iueiuem
1259 3315 1338 3376 pro-

242 3378 397 3441 mitterent
414 3402 450 3442 ee
468 3385 699 3465 stipularentur,
720 3405 811 3445 menn
831 3384 869 3445 ed
887 3394 992 3465 peetus
1010 3382 1133 3443 sdmote
1145 3379 1335 3442 etrsverenti

243 3471 357 3525 stteotu
376 3466 569 3546 pendentium
579 3470 643 3531 illie
656 3490 810 3531 sensorum
830 3469 1027 3530 emuletorum
1065 3467 1173 3527 nllieiti
1184 3466 1275 3528 iidem
1289 3466 1339 3526 t·-

244 3557 364 3626 eerent3
387 3552 469 3630 quod
486 3553 694 3616 Centeoueeno
715 3554 827 3616 dieitur
849 3554 999 3633 ἐμπεδοῦν
1082 3553 1196 3634 πρᾶξιν
1215 3561 1267 3610 ⁸¹¹¹
1281 3545 1337 3623 ”it

242 3628 406 3714 συμβάσιες
424 3628 470 3698 ds'
493 3636 669 3720 lyeoleeloe.
710 3639 829 3720 etquis
849 3639 962 3700 seiten
975 3658 1038 3698 nou
1052 3637 1124 3697 inde
1140 3636 1222 3716 spnd
1243 3634 1335 3696 Ouei-

244 3719 376 3780 dsntslse
391 3739 510 3801 quoque
522 3721 707 3786 Chrietisnos
725 3725 904 3800 invaluerit,
925 3723 1009 3804 quod
1025 3721 1116 3784 leodis
1129 3722 1163 3782 in
1177 3741 1236 3782 usu
1248 3720 1336 3781 vide-

243 3824 311 3866 mus
322 3824 399 3883 eeee,
420 3814 456 3866 ut
467 3826 557 3867 menu
572 3810 688 3889 pectori
699 3810 820 3870 edueets
833 3808 906 3871 fides
918 3809 1004 3870 verbi
1019 3817 1070 3869 sut
1079 3806 1163 3889 peeti
1174 3805 1336 3866 confirme-

244 3891 317 3950 turl
358 3901 419 3950 tem
435 3891 634 3954 univer-selene
653 3916 743 3974 porro
759 3894 852 3956 fuisse
871 3892 1119 3956 consuetudinem
1135 3891 1337 3953 Orienfflium

244 3975 479 4038 Christianorum
493 3981 629 4058 gestsndi
647 3979 818 4041 huiusmodi
834 3979 989 4060 religionis
1004 3977 1103 4058 signe,
1123 3986 1158 4037 ut
1171 3976 1335 4037 ueueeeite-

243 4070 303 4121 tem
318 4061 482 4139 induceret,
493 4084 636 4145 sppsrsre
648 4075 747 4146 potest
760 4086 798 4126 ex
812 4085 847 4127 eo
860 4064 942 4145 quod
952 4073 1059 4126 noster
1070 4061 1172 4123 innuit
1186 4063 1238 4127 l2
1248 4059 1332 4136 025,

242 4142 383 4206 distribui
397 4148 488 4227 gretie
502 4150 606 4211 eolitse
619 4150 766 4210 militibus
781 4152 944 4232 esdeeplec
956 4143 1076 4223 sinim
1095 4167 1204 4207 eamne
1214 4149 1333 4220 ἱωΜί

242 4245 315 4302 ques
329 4231 471 4292 videlieet
481 4252 502 4292 e
513 4235 592 4293 eollo
605 4253 762 4314 suspensus
777 4235 809 4293 in
820 4235 891 4317 fidei
905 4256 940 4293 eo
949 4232 1092 4313 religonis
1104 4242 1245 4292 tesserem
1258 4252 1342 4313 por-p

240 4316 350 4373 urent.
392 4313 473 4375 diest
486 4316 564 4377 sorte
580 4316 724 4379 edveesue
736 4317 881 4380 heotenue
895 4328 1007 4381 etetute
1021 4316 1154 4399 nguuor
1163 4316 1333 4398 quispe-n:
