2966 4852
234 375 299 422 vnr
663 351 698 420 P.
724 350 886 418 Posstttt

232 515 413 594 berrimum,
434 514 649 579 conciliationis
671 517 862 579 ecclesiarum
883 512 1017 579 Graecae
1037 533 1107 576 cum
1126 514 1251 594 Latina,
1280 517 1326 581 sic

230 637 251 679 a
270 614 374 701 primis
397 617 560 698 originibus
587 617 716 696 evolvit,
743 617 787 680 sic
813 639 833 679 a
858 614 1107 697 deliberationum
1134 618 1249 681 arcanis
1268 640 1325 683 ve-

229 717 330 803 niaque
357 719 537 799 rationibus,
565 741 621 806 per
646 720 795 782 metus
824 715 897 780 inde
922 721 1095 781 fucosarum
1124 720 1233 782 mum
1253 720 1324 783 hinc

227 817 300 897 fidei
319 820 471 899 sincerae,
499 819 539 885 ad
570 816 649 885 suos
672 821 770 884 exitus
790 819 944 908 perducit,
975 831 1009 882 ut
1029 840 1162 883 asserere
1183 841 1246 883 non
1267 818 1325 882 du-

225 922 322 985 bitem
341 919 374 984 id
394 934 601 1005 argumentum
621 923 727 1004 ingens
747 946 766 986 a
785 924 869 987 nullo
890 923 958 1007 plus
974 917 1091 985 Graeco
1112 921 1255 1009 scriptore
1275 923 1325 984 lo-

229 1024 272 1088 cis
293 1025 436 1112 accipere.

309 1175 377 1251 Ill,
406 1177 478 1244 Non
505 1198 557 1245 me
584 1176 661 1258 lngh
688 1172 834 1241 intercedi
860 1170 1004 1241 adversus
1031 1176 1109 1238 haec
1136 1174 1272 1260 speciosa
1292 1188 1323 1239 et

228 1278 378 1365 plausibili
399 1279 577 1365 exceptione
597 1299 688 1366 posse
714 1300 734 1340 a
760 1278 868 1340 merito
897 1277 1086 1363 querentibus
1112 1276 1323 1358 Pachymeria-

228 1402 301 1445 nam
328 1383 408 1444 hanc
436 1382 593 1446 historiam
620 1403 683 1443 non
711 1400 778 1442 raro
814 1375 998 1442 Graecorum
1028 1378 1181 1442 schismati
1208 1380 1323 1454 favere,

228 1481 406 1546 Latinorum
430 1503 479 1546 res
512 1495 543 1546 et
566 1484 630 1546 iura
651 1481 784 1545 deterere
803 1478 970 1560 namando,
998 1479 1125 1542 auctoris
1140 1501 1270 1565 pronum
1289 1481 1322 1543 in

227 1595 346 1671 partem
365 1583 534 1669 sequiorem
549 1583 651 1647 multis
665 1580 767 1645 modis
786 1580 919 1645 studium
940 1580 1109 1646 ostendere.
1151 1602 1215 1643 non
1229 1602 1321 1662 nego,

227 1707 293 1749 non
312 1706 440 1766 exorso3
462 1695 493 1748 et
514 1683 556 1746 ita
575 1687 698 1760 lactum,
719 1694 750 1746 et
770 1684 852 1762 large
874 1683 905 1744 in
919 1685 980 1746 hoc
1001 1693 1157 1770 peccatum
1178 1702 1196 1743 a
1216 1694 1321 1746 nostro

227 1789 382 1853 confiteor.
411 1798 512 1850 tamen
541 1783 692 1848 contendo
712 1783 817 1846 utilem
836 1785 956 1869 publico
978 1795 1009 1846 et
1028 1784 1085 1870 ipsi
1104 1783 1267 1868 quinetiam
1288 1785 1322 1846 in

224 1890 275 1953 his
295 1892 395 1952 laesae
418 1887 537 1952 veritati
564 1900 653 1972 atque
673 1884 862 1949 orthodoxae
888 1884 961 1948 lidei
981 1886 1145 1972 optabilem
1165 1886 1231 1948 talis
1252 1887 1321 1948 libri

158 1982 162 1989 ¹
225 1989 450 2071 evulgationem
470 2008 548 2051 esse·
588 2008 688 2072 neque
714 1985 755 2048 ad
778 1988 839 2049 hoc
859 1986 1060 2050 evincendum
1084 1998 1149 2049 utar
1168 1987 1319 2073 praeiudi-

225 2093 279 2156 ciis
309 2089 469 2168 ecclesiae,
496 2088 635 2152 historias
664 2085 788 2151 Eusebii
811 2086 1030 2166 Caesariensis,
1056 2088 1157 2152 Ariani
1177 2109 1195 2150 a
1215 2092 1317 2154 multis

222 2192 335 2272 hahiti,
356 2189 487 2254 Socratis
508 2201 538 2254 et
559 2189 858 2275 Sozomeni,vpalam
877 2190 1131 2272 Novatianorum3
1154 2190 1318 2278 Nicephori

223 2293 337 2360 Callisti
369 2313 387 2355 e
416 2295 501 2356 laece
523 2292 593 2355 licet
618 2291 768 2355 interdum
794 2293 958 2355 haurientis
985 2294 1164 2372 haeresum,
1192 2304 1223 2355 et
1242 2295 1316 2359 elias

220 2407 428 2483 suspectorum
447 2393 556 2480 pariter
572 2394 766 2480 scriptorum,
787 2395 847 2476 legi
866 2393 990 2458 sinentis
1013 2405 1044 2457 et
1063 2395 1227 2483 probantis.
1253 2397 1316 2478 aio,

220 2502 273 2567 vel
296 2499 324 2563 si
352 2516 459 2561 omnes
487 2516 562 2583 quos
590 2496 747 2561 nominavi
775 2496 1054 2575 exterminarentur,
1088 2498 1230 2584 peculiari
1256 2520 1317 2562 no-

219 2603 304 2668 mine
338 2600 480 2663 interesse
513 2598 704 2686 Apostollcae
729 2596 811 2662 sedis
840 2609 871 2661 et
902 2594 1060 2661 Romanae
1093 2600 1316 2666 communionis

218 2706 398 2781 universae,
424 2698 530 2765 subiici
560 2700 655 2764 oculis
682 2712 713 2764 et
738 2701 795 2765 teri
822 2700 961 2763 manibus
983 2711 1156 2764 cunctorum
1176 2704 1236 2765 hoc
1254 2702 1316 2766 Pa-

219 2807 369 2891 chymeris
389 2822 475 2888 opus,
496 2799 639 2886 quoniam
658 2804 692 2864 in
712 2824 751 2865 eo
766 2802 877 2866 sanitas
895 2800 1048 2866 doctrinae
1069 2802 1108 2867 de
1121 2805 1314 2891 processione

219 2909 347 2997 Spiritus
375 2903 477 2971 Sancti
505 2924 543 2965 ex
571 2914 654 2989 patre
680 2903 818 2989 filioque,
850 2901 889 2966 de
915 2902 1046 2987 primatu
1070 2902 1170 2990 Papae
1190 2918 1221 2969 et
1247 2908 1313 2971 iure

218 3006 446 3099 provocationis
461 3004 501 3068 ad
520 3003 692 3069 Romanam
712 3005 819 3070 sedem
839 3026 879 3069 ex
898 3026 1087 3092 quocumque
1101 3004 1313 3094 patriarchatu,

219 3114 335 3193 sincera
367 3111 472 3174 caritas
511 3118 542 3171 et
568 3129 640 3174 vera
672 3109 869 3173 sanctimonia
897 3104 1034 3190 Gregorii
1060 3109 1096 3174 X
1126 3111 1313 3197 aliorumque

217 3211 427 3276 Romanorum
446 3231 501 3296 per
527 3231 564 3273 ea
591 3223 728 3300 tempora
747 3211 938 3296 pontificum3
968 3209 1091 3276 loannis
1111 3212 1205 3275 Vecei
1226 3212 1312 3276 Con-

215 3311 474 3398 stantinopolitani
506 3313 714 3396 patriarchae,
752 3323 852 3399 partes
886 3313 1061 3378 Latinorum
1091 3313 1313 3380 studiosissime

216 3415 368 3501 amplexi,
402 3413 640 3477 constantissime
664 3414 752 3493 tuiti,
784 3413 911 3479 eruditio
937 3417 1091 3493 maxima,
1122 3419 1310 3482 liberrimum

216 3517 360 3601 idemque
381 3513 678 3600 'perspicacissimum
697 3516 871 3596 ingenium,
898 3520 1044 3582 veracites
1063 3519 1225 3605 intrepida,
1245 3521 1309 3584 vita

214 3618 387 3704 inculpata,
409 3638 511 3680 mores
532 3619 645 3698 sancti,
666 3616 775 3682 divinis
796 3619 887 3682 etiam
907 3619 1149 3686 illustrationibus
1179 3623 1307 3708 probati,

213 3723 315 3807 palam
346 3717 564 3806 magnificeque
590 3718 809 3806 praedicantur,
838 3720 930 3809 idque
950 3725 989 3786 ab
1015 3726 1132 3788 oculato
1162 3736 1254 3802 teste,
1275 3737 1307 3787 et

214 3819 298 3907 quod
319 3833 407 3907 caput
428 3834 495 3911 est,
529 3817 622 3886 domo
643 3821 866 3888 adversantium
888 3822 1055 3909 producto,
1076 3828 1202 3912 ipsoque
1222 3823 1307 3888 haud

213 3920 436 3987 dissimulanter
455 3925 631 3991 adversariis
651 3923 808 4005 studente,
828 3940 862 3990 ut
884 3926 967 4013 quod
988 3926 1060 3989 dicit
1079 3927 1167 3990 nohis
1188 3929 1308 4002 favens,

211 4046 389 4112 expressum
409 4028 559 4093 evidenlia
578 4028 729 4107 veritatis,
750 4028 832 4115 quod
853 4028 1033 4092 contrarium
1052 4026 1210 4105 immiscet,
1229 4025 1307 4089 edu-

211 4128 337 4196 cationis
357 4130 433 4215 vilio
454 4131 608 4213 inolitum,
628 4133 824 4195 subornatum
840 4129 1022 4209 adulatione,
1043 4130 1210 4195 ambitiosis
1234 4148 1308 4214 spes

210 4233 288 4311 hus,
310 4232 450 4301 obnoxiis
470 4254 489 4296 a
509 4233 541 4299 vi
561 4234 713 4317 tyrannica
733 4234 890 4296 timoribus
912 4243 1014 4295 contra
1035 4231 1128 4294 officii
1148 4231 1309 4295 conscien-

210 4333 284 4396 tiam
314 4348 484 4413 extortum,
510 4336 618 4400 merito
643 4334 752 4399 debeat
776 4334 910 4417 intelllgi.
952 4334 1051 4398 ausim
1071 4332 1188 4397 dicere:
1209 4332 1236 4397 si
1256 4342 1309 4395 to-
