3036 4840
253 263 329 345 616
547 257 783 344 centnm.
809 256 1048 339 rectumne.

254 441 356 497 coetus
365 427 425 489 aua
437 423 645 505 tumefactus.
685 422 808 491 viduus
818 422 977 503 agnitione·
988 433 1109 489 murm
1119 423 1206 495 hunc
1219 425 1253 489 vi
1266 425 1356 506 prius

253 518 313 577 iem
330 513 435 594 perlati
455 510 494 572 de
514 511 656 571 electione
675 509 817 575 Germani
836 508 950 573 decreti
962 520 1115 586 coactum,
1135 530 1199 573 nou
1215 520 1250 570 ut
1262 511 1300 571 de
1314 533 1354 572 ee

254 599 443 670 deliberaret,
463 594 517 655 sed
534 606 572 658 ut
588 615 654 659 rena
671 604 816 661 stetutsau
833 604 1032 675 exequeretur
1045 605 1078 659 at
1091 615 1207 659 novum
1217 597 1352 675 petrisr·

250 683 336 747 mem
356 681 442 761 quasi
462 680 495 740 in
515 681 726 761 possessionem
745 679 823 743 aedis
837 680 980 743 mitteret.
1021 680 1193 760 auspicabar
1206 683 1297 743 mem
1308 702 1352 749 ex

249 772 327 829 secto
342 767 559 846 quadamtenus
572 765 673 841 simili,
695 764 778 843 quod
792 785 864 827 mox
878 767 1020 844 reseram,
1042 775 1143 845 petrea
1156 766 1210 844 qui
1222 767 1255 827 in
1265 766 1352 829 huno

249 844 367 913 coetum
387 859 596 913 convenerunt
616 850 783 931 exemplum
801 850 946 931 scriptum
961 850 1108 913 decretis
1123 871 1156 913 ee
1172 851 1254 930 priua
1274 852 1352 917 editi

249 956 342 1001 menn
359 955 507 1014 quemque
524 934 662 997 tenuiore
703 930 746 999 sio
755 934 832 999 enim
847 944 948 999 actoru
962 936 1084 997 videtur
1094 936 1127 999 in
1138 936 1196 997 elio
1209 936 1349 1002 ecelesia·-¹

249 1024 324 1083 stioo
342 1028 511 1095 conventu,
532 1021 616 1081 cuius
637 1029 682 1081 set
701 1021 813 1083 mentio
825 1020 858 1081 ia
871 1022 934 1080 vin
945 1021 1053 1083 Leonis
1066 1040 1161 1105 pupae
1172 1022 1202 1098 1,
1222 1022 1350 1087 redtata

249 1104 624 1184 communetotum.
638 1127 667 1186 p.
681 1106 732 1175 60.
773 1106 867 1166 verbe
884 1105 960 1169 hoec
978 1115 1062 1171 sunt:
1083 1111 1262 1187 aosqgregoo·
1272 1119 1349 1177 eunt

250 1197 315 1261 256
328 1189 497 1250 sacerdotes
511 1202 539 1249 et
552 1192 610 1249 alii
619 1192 681 1256 406
695 1192 838 1270 episcopi,
859 1212 990 1271 quorum
1002 1191 1227 1272 chirographue
1236 1215 1346 1251 cumer-

252 1281 306 1340 re't.
350 1278 406 1358 qni
418 1279 596 1359 congregati
610 1285 683 1333 eunt
700 1295 848 1335 unacum
864 1286 946 1337 tomo
954 1320 964 1350 ,
986 1274 1044 1335 lroc
1057 1274 1175 1359 eetfide
1187 1279 1344 1357 Apostoli-

251 1385 307 1420 cae
320 1363 468 1420 ecclesiae.
510 1360 596 1419 vides
607 1359 657 1419 hic
671 1359 820 1419 decretum
829 1360 918 1420 'antee
932 1361 968 1421 de
981 1360 1041 1421 fide
1053 1362 1235 1443 Apostolicee
1248 1362 1344 1421 ecclsss

251 1448 325 1521 eise,
346 1445 405 1507 hoc
418 1454 464 1505 est
478 1444 613 1524 dogmate
628 1445 784 1522 catholico,
805 1445 953 1528 perlatum
965 1446 1082 1507 tomum
1095 1447 1204 1524 vocari,
1221 1455 1249 1506 et
1260 1447 1344 1507 hunc

251 1541 367 1591 tomum
390 1549 537 1609 quemque
562 1540 807 1613 congregatorum
830 1550 930 1591 aecum
958 1529 1112 1609 habuisse,·
1139 1532 1219 1593 unde
1238 1543 1268 1594 et
1285 1532 1346 1593 hoc

249 1611 354 1680 estete
372 1612 435 1678 siud
456 1610 535 1700 τὸμῳ
552 1611 676 1700 γεγονός
689 1616 748 1675 dici
763 1619 902 1698 potuerit.
944 1638 980 1676 ac
995 1617 1078 1697 quod
1090 1616 1169 1678 hano
1180 1611 1274 1699 νόμον
1287 1640 1346 1678 no-

250 1702 365 1761 tionem
384 1700 505 1779 attinet,
526 1703 602 1761 sctio
617 1702 681 1782 ipae
693 1701 845 1763 decretum
864 1701 1012 1763 condendi
1025 1702 1095 1762 alibi
1108 1723 1126 1761 a
1140 1714 1243 1763 nostm
1255 1705 1346 1766 verbo

250 1796 811 1957 ntnrsrtlnnssffllnnnt:
823 1787 1077 1952 ttntnt
1088 1788 1350 1954 §nitunt

251 1954 403 2039 φορισμὸν
421 1960 579 2031 ποιοῦντες
601 1966 657 2017 etc.
699 1957 818 2017 decreto
840 1958 981 2017 videlicet
997 1957 1134 2037 synodali
1148 1959 1208 2019 rite
1218 1960 1346 2037 condito,

251 2041 398 2100 antistitae
417 2041 472 2100 sub
491 2040 686 2102 anathematis
698 2042 938 2103 interminatione
952 2054 1119 2104 sanxerunt
1131 2052 1230 2105 rutam
1245 2067 1347 2106 acun-

251 2125 307 2184 ctie
331 2126 543 2205 agnoscendam
566 2126 790 2208 habendamque
817 2129 1000 2189 evectionem
1023 2128 1187 2189 Andronici
1204 2132 1236 2189 in
1255 2133 1347 2213 impe-

252 2209 348 2285 rium,
371 2221 550 2293 procurante
570 2212 603 2272 id
623 2214 734 2273 scilicet
752 2214 884 2292 Angusto
905 2216 968 2275 eius
984 2224 1087 2295 putre.
1110 2215 1219 2296 quippe
1233 2218 1351 2277 dudio·

253 2294 363 2355 sissime
376 2306 480 2375 egente
493 2306 529 2356 ut
542 2317 630 2376 quam
643 2300 770 2360 maxime
783 2299 869 2359 lirma
888 2307 919 2360 ct
935 2299 1138 2360 inrevocabilis
1149 2300 1207 2360 ista
1220 2303 1285 2362 ciue
1296 2302 1352 2362 tilii

253 2388 329 2438 meet
344 2382 506 2460 promotio.

342 2500 624 2575 mesenensem
644 2504 741 2580 pwl
760 2504 852 2568 v.16.
894 2499 1144 2583 rodromepirodo
1157 2497 1343 2582 rnamen-

253 2601 315 2654 νας.
357 2581 399 2639 sic
418 2581 607 2642 concorditer
627 2593 687 2644 tres
708 2586 833 2649 codices.
875 2586 1000 2648 videtur
1012 2585 1106 2668 pepedi
1121 2605 1255 2646 nomena
1271 2587 1339 2645 loco

255 2664 397 2738 ductum,
425 2666 477 2746 qui
505 2668 664 2748 rpiuoxuou
687 2672 737 2732 vet
756 2668 926 2752 τρικὸκκιον
956 2670 1106 2733 diceretur.
1141 2671 1237 2755 reperi
1256 2670 1341 2752 epnd

255 2749 435 2835 geographos
454 2753 646 2833 Strabonem,
666 2756 881 2834 Ptolemaeum,
902 2756 988 2832 alios,
1009 2750 1159 2839 opressione
1177 2765 1208 2815 et
1221 2752 1344 2839 opintio-

256 2859 342 2899 usov:
371 2836 423 2897 aed
445 2858 591 2918 nusquam
615 2839 1139 2924 1111νίτρίνοκνοναιιῐτρικόκκιον.
1178 2861 1284 2904 verum
1307 2860 1347 2902 ne

258 2922 420 3003 quidquam
433 2922 622 3005 immutetur,
643 2946 800 2988 consensus
816 2927 952 2988 codicum
963 2928 1113 3008 prohibet.
1198 3005 1201 3008 ᾗ

342 3036 579 3129 ὁποψήῳιρς
598 3063 629 3129 p.
643 3044 705 3111 438
720 3065 749 3107 v.
763 3050 812 3112 12,
853 3043 913 3107 hoc
930 3045 997 3106 loco
1017 3040 1203 3128 dnopsioeog
1216 3056 1352 3125 vocatur,

194 3122 201 3133 ’
260 3122 313 3202 qui
326 3124 403 3187 iusta
419 3127 456 3187 sd
471 3127 643 3207 dignitatem
659 3130 785 3209 eliquans
802 3128 956 3192 electivum
969 3131 1106 3211 suffragia
1123 3133 1283 3193 electorum
1299 3142 1354 3193 tu·

262 3207 313 3282 lit,
334 3210 468 3275 nondum
487 3222 585 3275 tamen
603 3213 755 3276 decretum
772 3216 924 3277 electionis
942 3216 1000 3277 rite
1015 3217 1164 3296 perletnm
1178 3227 1231 3279 est
1271 3216 1355 3276 unde

158 3292 245 3352 rtet
261 3293 317 3351 iste
324 3293 349 3350 T
350 3293 516 3376 heodosiua,
534 3299 566 3359 in
578 3319 665 3377 quem
677 3301 919 3381 praeponendum
933 3300 1042 3361 throno
1055 3301 1245 3382 patriarchali
1252 3301 1356 3361 'dheo-

261 3375 363 3456 poleos
390 3382 452 3439 sive
472 3380 646 3444 Antiochiae
663 3385 820 3466 pleraeque
838 3395 957 3466 patrum
981 3390 1144 3447 sententias
1163 3387 1358 3468 conspirave-

262 3468 348 3537 runt,
368 3474 435 3523 erat
449 3466 557 3529 electus
570 3479 686 3530 tentum
699 3480 729 3530 et
742 3472 824 3550 quasi
841 3471 1007 3551 designetur
1017 3471 1198 3555 patriarcha,
1218 3472 1359 3535 nondum

266 3555 366 3617 temen
385 3546 417 3606 in
436 3554 647 3629 possessionem
666 3555 770 3617 missua
789 3566 820 3615 et
839 3550 1060 3639 ἀνακηρυχθεὶς
1076 3552 1138 3621 dno·
1151 3561 1251 3643 κοινῷ
1263 3554 1360 3642 νόμῳ,

266 3639 301 3693 ut
319 3627 374 3693 l.4
394 3651 420 3695 c,
437 3635 475 3697 13
498 3635 535 3693 de
559 3640 705 3700 Germano
720 3642 753 3702 in
776 3642 1133 3723 Constantinopolitanum
1152 3642 1361 3718 pemmonem

265 3718 348 3794 prius
363 3715 455 3779 electo
467 3720 626 3801 scribitur,
646 3723 706 3785 hoc
720 3735 764 3785 est
777 3727 875 3808 palem
894 3724 1061 3788 declaratus
1079 3726 1265 3808 patriarche,
1285 3747 1361 3808 per-

264 3800 327 3873 leto
347 3811 378 3860 ot
397 3802 529 3883 legitimis
548 3807 683 3871 formulis
701 3812 761 3871 rite
776 3812 888 3871 sancito
906 3811 1057 3873 communi
1077 3812 1170 3873 totins
1186 3812 1303 3874 concilii
1317 3812 1361 3877 de

263 3885 321 3945 iate
334 3888 474 3948 electione
488 3889 607 3955 decreto
615 3939 625 3973 ,
645 3895 725 3975 quod
738 3890 832 3978 νόμον
843 3898 987 3958 vocabulo
1000 3896 1192 3977 significatur.

340 3985 538 4069 epoisseiios
564 4016 597 4076 p·
620 3997 679 4065 tlt
707 4018 739 4061 v.
761 4003 810 4065 11.
850 3999 927 4078 quid
947 3999 1118 4078 positiove
1139 3997 1191 4060 hic
1215 4007 1362 4080 putem

262 4070 344 4135 eliud
365 4096 454 4153 quam
468 4077 603 4143 hunam
613 4101 718 4143 vocem
731 4082 940 4147 diminutivum
955 4087 1122 4163 exsoeoie,
1144 4083 1361 4163 qnaaifoeoel-

260 4156 308 4212 loe
322 4157 416 4233 dicae,
446 4164 529 4239 quod
547 4167 731 4242 frequentius
741 4170 1089 4248 teribitursaees'euloe?
1110 4170 1251 4250 Syucm'ue
1263 4167 1359 4248 Epist·

260 4240 336 4300 138:
367 4239 463 4309 teau
484 4245 622 4328 γέγραφα
644 4247 795 4331 perlucidos·
822 4253 987 4323 tortores
1006 4252 1144 4339 Aeoylees
1171 4248 1254 4329 darie.
1293 4250 1361 4311 huc
