3054 4842
262 287 340 366 544
563 286 801 361 oneravit.
824 288 1060 363 PiGHYllHl.

261 457 426 521 senonibus
445 456 629 519 sonuerim
650 475 758 534 mern,
786 455 960 519 oouieeture
985 454 1138 536 divinsri,
1168 476 1240 519 num
1271 459 1359 522 nodi·

264 564 312 606 oes
338 564 440 604 omnes
465 542 507 603 ibi
533 542 770 603 manifestissime
794 543 932 624 corrupti
950 542 1038 602 sliter
1056 563 1114 604 neo
1131 542 1357 623 intelligibiliter

263 649 332 691 eum
346 630 444 690 locum
461 627 646 689 exhiberent.
678 627 815 687 sdvortet
828 648 954 707 aequum
970 628 1103 688 animnos
1117 629 1250 708 prudens
1262 630 1358 692 lector

263 714 425 776 etiudioet.
468 714 526 773 isto
541 711 769 793 quodindicsvi
787 713 886 793 cupite
902 712 972 772 libri
991 713 1018 772 V
1034 714 1180 774 disserens
1195 716 1357 796 imper-utor

263 799 346 880 spud
358 798 559 880 patriarchum
576 809 607 860 et
621 798 770 877 synodum
785 797 823 857 de
838 798 1027 857 conciliendo
1040 799 1121 859 iuter
1140 800 1282 860 ecclesius
1296 803 1358 860 Lu-

261 885 355 944 tinein
370 894 399 943 et
413 885 556 944 Greeoern
580 903 673 963 pune,
701 892 856 943 enumeret
876 883 975 962 espite
996 883 1034 942 de
1050 885 1160 964 quibus
1172 885 1356 945 convenien-

261 970 336 1028 dum
357 978 447 1043 esset,
476 978 512 1028 ut
532 987 594 1048 psx
616 968 669 1028 ills
693 968 891 1041 meleeoeret3
919 977 949 1027 et
975 970 1131 1029 contendit
1153 968 1355 1031 demonstrare

260 1056 380 1115 nullum
394 1074 496 1113 eornm
509 1053 570 1111 tulo
579 1072 669 1112 esses
684 1073 745 1131 quo
759 1051 943 1113 sdmittendo
955 1051 1113 1114 abhorrere
1128 1056 1287 1135 qnisquam
1299 1057 1354 1116 de-

259 1139 329 1199 best
351 1149 431 1198 metu
453 1138 564 1218 onlpss
589 1139 825 1198 consciscendse.
878 1138 1008 1217 primum
1028 1137 1108 1198 enim
1126 1144 1305 1221 λειιονργεῖν
1321 1161 1353 1206 rt

259 1224 312 1288 nol
328 1220 544 1305 μνημονεύειν,
566 1224 676 1300 quibus
693 1223 813 1299 verbis,
835 1232 926 1302 prout
939 1243 972 1282 es
985 1223 1048 1284 suis
1060 1223 1136 1284 loeis
1151 1226 1182 1283 in
1192 1223 1252 1283 boo
1266 1225 1353 1287 Glos-

258 1311 541 1383 serioenesrrmus,
568 1308 766 1386 significent,
794 1308 889 1389 priori
916 1308 1033 1387 quidem
1060 1309 1213 1369 sdnrittere
1226 1310 1351 1370 Latinos

130 1444 135 1457 .
258 1398 292 1455 in
306 1394 652 1454 communioneurescrse
670 1392 827 1471 Liturgiso,
849 1392 909 1452 hoo
921 1402 967 1452 est
981 1414 1044 1453 eam
1058 1394 1131 1474 ipsis
1142 1393 1346 1475 praesentibus

258 1489 289 1538 et
303 1479 500 1538 communiter
512 1479 665 1538 orantibus
680 1498 742 1537 non
756 1479 887 1538 eversuri
901 1479 1060 1551 celebrere,
1075 1480 1165 1540 sltero
1176 1498 1248 1539 vero
1262 1498 1348 1538 men·

258 1565 370 1624 tionem
387 1582 480 1643 pupae
496 1564 591 1622 lucere
601 1564 755 1643 ‘publiosrn
768 1565 800 1623 iu
816 1563 963 1641 liturgicis
977 1565 1131 1643 precibusz
1150 1584 1192 1640 ee,
1212 1562 1350 1643 inquens,

258 1650 347 1709 surbo
368 1668 431 1708 esse
452 1648 536 1707 licite
554 1648 679 1709 evicisse
699 1648 757 1708 sibi
778 1648 862 1708 visus
882 1659 927 1708 est
946 1649 1123 1708 suctoritste
1140 1648 1280 1710 ldsnuilis
1294 1669 1352 1730 ps-

257 1733 409 1795 trisrohss
433 1753 501 1795 cum
520 1753 572 1794 ens
593 1734 710 1813 synodo
732 1743 764 1793 et
784 1733 904 1793 loannis
927 1734 1024 1794 {luceo
1045 1733 1255 1814 imperotoris,
1276 1754 1351 1813 quoe

256 1820 345 1881 misse
359 1819 506 1898 legatione
518 1820 571 1878 illu
586 1819 666 1879 ultro
680 1821 850 1899 promisisse
861 1838 970 1899 pupae,
989 1822 1014 1878 si
1034 1819 1196 1879 abstineret
1210 1841 1229 1878 ι
1241 1818 1352 1881 iuven·

259 1906 306 1965 dis
319 1904 431 1965 Latinis
450 1904 502 1983 qui
520 1903 774 1985 Constuntinopoli
787 1913 860 1963 tunc
873 1904 1075 1984 potiebantur,
1098 1904 1232 1965 ostendit
1246 1924 1286 1965 ex
1301 1924 1350 1965 oo-

260 1991 326 2049 dioe
348 1990 488 2049 ecclesius
507 1989 546 2048 sd
562 1988 651 2048 fidem
670 1989 733 2048 eins
755 1990 800 2048 rei
818 1999 917 2068 gestse
939 1990 1106 2049 faciendum
1127 1990 1260 2071 prolsto.
1300 1990 1357 2065 de-⁴

257 2084 406 2135 monstret
426 2074 534 2134 deindo
551 2073 722 2133 eorumdem
742 2074 921 2133 auctoritate
939 2074 1060 2134 butinos
1076 2085 1206 2156 propter
1220 2074 1349 2134 edditio-

257 2179 326 2219 nem
348 2159 380 2217 in
403 2159 540 2239 symbolo
563 2180 624 2219 non
644 2180 707 2219 esse
723 2158 876 2218 habendos
893 2157 1074 2232 haereticos,
1105 2180 1176 2220 eum
1203 2159 1252 2220 illi
1272 2159 1350 2220 nibil

256 2255 331 2305 tunc
345 2246 452 2304 sliuds
467 2245 577 2305 Latinis
593 2244 753 2322 exegerint,
773 2244 831 2303 nisi
847 2252 881 2303 ut
893 2243 1128 2304 odditsmentntn
1142 2245 1226 2306 istud
1239 2265 1257 2304 e
1268 2266 1351 2325 sym·

254 2330 327 2390 bolo
341 2330 499 2406 tollerent,
526 2329 602 2390 nibil
622 2329 814 2410 prohibentes
832 2330 989 2409 quominus
1007 2330 1039 2389 in
1054 2331 1178 2391 eueteris
1190 2330 1350 2410 scripturis

254 2413 289 2474 id
313 2414 478 2475 retinerent
493 2423 525 2473 et
547 2414 699 2493 legerent3
732 2415 814 2495 quod
839 2415 971 2475 ostendit
994 2414 1160 2474 doctrinam
1186 2415 1283 2495 ipsius
1310 2434 1348 2473 so

254 2498 361 2576 dogma
382 2517 567 2579 nequequam
586 2500 661 2578 ipsis
682 2499 892 2579 displiouisse,
922 2520 959 2559 so
989 2508 1202 2580 consequenter
1226 2497 1343 2558 orium

251 2581 304 2643 bic
314 2580 457 2655 boerosis,
478 2583 589 2642 iudicio
605 2603 726 2659 sorum,
747 2605 809 2643 non
826 2585 926 2647 brisso
968 2583 1047 2646 huno
1057 2593 1129 2665 peto
1142 2600 1205 2641 esse
1219 2590 1341 2640 senten·

251 2668 326 2728 tium
339 2667 463 2727 illorum
475 2667 650 2743 verborum,
672 2668 806 2747 alioquin
819 2667 908 2733 buius
922 2669 1073 2750 scriptoris
1089 2686 1170 2727 inore
1186 2684 1222 2724 eo
1239 2684 1340 2746 peon-

252 2752 323 2813 lisri
342 2753 430 2832 genio
448 2772 518 2813 seue
538 2751 764 2833 perplexorum:
791 2759 858 2828 ποῦς
879 2752 923 2837 μή
938 2757 1167 2839 ιιπηγοροῦντες
1181 2745 1256 2825 'diue
1268 2742 1341 2814 uiue·

254 2839 337 2916 delur
355 2837 442 2917 (buis
459 2837 528 2898 rooi
547 2837 712 2899 vaticanus
730 2838 888 2900 substituit
911 2841 1045 2923 αἳρεσιν,
1072 2859 1134 2900 non
1152 2836 1242 2915 susle)
1267 2831 1342 2912 roric

249 2914 394 3001 Ἰταλούς,
415 2918 524 3004 ἠξίουν
540 2928 761 3004 ιιοροιροῧντιις
781 2922 838 3005 τήν
849 2920 1034 3011 προσθήκην
1050 2929 1107 2989 τοῦ
1122 2917 1288 3005 eruditor,
1309 2920 1345 2986 lu

252 3016 319 3085 ταῖς
339 3014 457 3084 λοιποῖς
482 3015 613 3091 γραφαῖς
639 3002 835 3092 οἷνᾶγραπτον
854 3010 997 3091 ἔχοντας,
1025 3007 1191 3074 συνδιιὲνσι
1212 3014 1276 3083 τοῖς
1294 3029 1348 3072 ιιι-

254 3093 439 3175 φρασμὲνοις
454 3094 509 3174 (its
524 3095 605 3155 clsrs
625 3094 713 3155 snsbo
725 3095 843 3156 oodioss
858 3097 964 3177 optimi
982 3097 1006 3155 B
1021 3105 1051 3155 et
1067 3097 1102 3170 Δ,
1117 3114 1186 3155 enm
1200 3095 1348 3173 [παροινο-

252 3188 319 3238 tum
335 3200 354 3237 s
366 3179 488 3241 Petrvio
502 3180 615 3240 editum
626 3178 846 3263 πεφρυγμίνοις
858 3181 950 3260 leget)
962 3175 1230 3265 ἆνυγινόσιιοννσς.
1269 3177 1347 3239 hm

252 3263 299 3323 sic
311 3263 349 3322 ud
361 3265 487 3325 verbum
502 3274 625 3326 sonent:
647 3277 684 3325 nt
699 3269 820 3325 omuino
830 3287 892 3325 ιιοιι
909 3277 1089 3326 amuranus
1102 3265 1269 3346 impietatis
1280 3265 1348 3324 siue

252 3347 407 3408 haereseos
427 3350 540 3425 Italos,
564 3354 725 3432 petierint,
748 3352 870 3411 sublato
892 3351 979 3411 modo
998 3350 1208 3412 additamento
1230 3370 1346 3428 seym-

255 3432 338 3504 bolo,
373 3435 407 3492 in
434 3435 561 3515 reliquis
585 3439 746 3517 seripturis
768 3434 805 3495 id
827 3440 1031 3518 corumptum
1061 3436 1222 3513 babentes,
1249 3434 1347 3494 simut

254 3515 358 3599 efferre
381 3537 453 3576 orem
476 3520 551 3579 aliis
574 3542 654 3601 ques
680 3544 715 3581 es
740 3524 783 3580 its
807 3521 924 3582 olrartis
944 3520 1178 3604 promendo
1207 3522 1345 3602 hevelli.

252 3600 333 3663 bunc
346 3602 435 3683 plene
446 3605 635 3684 seutentiam,
655 3607 745 3687 poulo
760 3607 933 3668 clarioribus
948 3608 1106 3669 dumtexst
1120 3607 1229 3684 verbis,
1250 3608 1348 3666 iuter-

252 3686 383 3769 pretstio
396 3687 460 3747 eius
472 3688 578 3770 cepitis
594 3701 697 3753 nostre
708 3691 860 3775 exprimit
899 3695 1009 3754 trsnsit
1023 3694 1154 3772 denique
1167 3692 1204 3752 sd
1223 3690 1348 3752 denon-

253 3772 407 3833 etrundurn
422 3770 498 3832 nibil
516 3794 579 3835 esse
593 3777 694 3837 illiciti
703 3777 736 3837 in
752 3776 936 3838 sdmittends
957 3779 1239 3839 commemoretione
1250 3775 1347 3837 nomi-

252 3857 301 3919 nis
320 3879 415 3944 pepue
426 3858 460 3918 in
481 3859 627 3941 liturgicis
642 3862 863 3942 precationibus
881 3863 1076 3924 Graecorum.
1118 3862 1203 3924 etde
1222 3861 1281 3921 hoc
1295 3881 1346 3919 ce·

250 3943 315 4026 pite
330 3942 374 4003 sio
386 3943 522 4024 loquitur
532 3947 564 4006 in
578 3947 681 4007 codice
695 3946 874 4008 barberino:
893 3945 961 4012 siud
973 3943 1005 4012 d'
1022 3948 1099 4032 ἔχειν
1111 3943 1169 4027 τήν
1179 3946 1346 4011 sonorior

249 4027 275 4107 si
295 4022 345 4093 ἔνι’
364 4028 520 4110 ἐκκλησίας
534 4026 675 4113 οἷνοιφοροὶ
690 4037 748 4095 τοῦ
768 4026 928 4113 ὀνόματος,
953 4029 1030 4099 ὅπου
1048 4057 1082 4118 ys
1101 4031 1154 4096 sul
1173 4028 1217 4114 μοὶ
1238 4025 1344 4104 niun

250 4110 341 4187 ὄντος
358 4112 431 4190 νοῦς
445 4112 553 4189 ἄλλους
564 4110 681 4199 siurim
695 4116 824 4198 μετέχειν
842 4124 907 4192 τοῖς
925 4121 1087 4195 κοινωνίας
1102 4124 1166 4192 σοῖς
1180 4110 1344 4196 ἐκκλησιά-

248 4196 333 4267 ζουσι
354 4197 586 4276 συνισταμένους
602 4206 845 4284 λειτουργοῦννος
862 4208 919 4266 τοῦ
941 4203 1060 4288 ἱερέως,
1090 4196 1343 4284 ιιοὶτὴυιριοὶδος

247 4274 337 4358 κάσιν
357 4275 576 4363 παραδιδόντος
594 4286 713 4360 κοινοῖς.
755 4286 921 4353 Anninus
934 4290 968 4353 in
984 4288 1045 4353 boo
1056 4297 1174 4353 tuntum
1191 4286 1344 4369 discrepet
