3036 4840
288 333 363 413 664
582 331 815 403 OBSERVAT.
840 330 1074 403 Ptctmffltt

290 508 453 563 reservata.
495 494 537 557 ita
558 496 630 574 ille,
651 497 722 558 aetia
744 496 879 559 indicano
902 495 980 558 nihil
999 503 1195 555 eonaecntam
1214 496 1299 557 novi
1318 496 1397 567 iuria

291 595 344 646 aut
357 584 416 645 loci
435 584 794 663 constantinopolitanam
813 583 910 642 aedem
926 603 982 664 per
997 580 1282 642 chalcedonensem
1299 604 1394 643 eano-

290 691 374 746 nem,
397 668 449 748 qui
464 678 499 727 nt
515 668 577 727 aim
596 666 721 727 haberet
738 668 908 727 confirmari
925 669 1060 729 debuerit
1083 686 1100 725 a
1121 668 1268 727 Romano
1290 670 1395 748 ponti-

289 756 364 834 fice,
389 773 458 812 oum
473 773 539 812 eum
555 762 655 812 tamen
666 753 717 812 ille
728 752 940 832 reprobaverit.
983 752 1034 811 ubi
1048 762 1093 812 eet
1104 769 1175 829 ergo
1191 752 1249 810 illa
1265 773 1393 832 porea-

288 840 333 901 aio
355 838 584 918 independentia
613 838 815 914 auctoritatis,
844 848 896 898 aut
916 858 976 916 qao
996 838 1062 897 iura
1084 857 1120 895 ac
1151 838 1285 915 qnando
1307 839 1392 911 inita,

288 944 379 1005 quam
400 942 431 983 ae
446 922 524 983 tueri
543 932 642 982 certoe
656 922 707 982 hic
728 923 833 983 Graeci
851 921 1031 983 achiamatici
1049 920 1228 981 affirmanti
1250 943 1331 983 eane
1347 924 1393 982 illi

287 1008 416 1071 fundum
434 1007 557 1066 unicum
568 1017 618 1066 aut
634 1009 827 1087 praecipuum
846 1003 1028 1089 αὐτονομίας
1042 1006 1145 1080 iatine,
1174 1016 1209 1066 et
1222 1007 1343 1068 liberae
1352 1008 1389 1066 ab

289 1093 373 1154 omni
393 1093 543 1152 Romanoa
569 1092 645 1153 aedis
676 1092 883 1155 iuriadictione
907 1091 1079 1173 poteatatia,
1108 1090 1387 1152 Chalcedonam

288 1178 381 1239 iatum
393 1197 536 1237 canonem
551 1177 732 1256 praedicant.
775 1178 915 1239 audiatur
927 1198 982 1258 pro
997 1175 1134 1238 omnibue
1148 1176 1243 1239 Anna
1256 1178 1385 1236 Conna·

288 1283 329 1324 na
352 1262 408 1326 t1
433 1262 583 1322 Alexiedia
605 1283 637 1343 p.
650 1267 688 1326 et
712 1262 760 1321 ed.
779 1264 849 1342 lleg.
891 1264 943 1327 eal
963 1258 1090 1344 μάλιστα
1108 1259 1132 1342 ἡ
1154 1260 1189 1324 ἐν
1210 1254 1385 1342 Mn

290 1341 421 1421 σύνοδος
434 1347 478 1421 εἰς
489 1343 645 1427 περιωπήν
656 1348 798 1430 μεγίστην
813 1346 865 1412 ael
875 1351 1045 1452 προάστιον
1064 1341 1116 1409 τὸν
1133 1349 1384 1411 novam

289 1426 403 1505 πόλεως
421 1424 541 1513 θρόνον
559 1425 822 1515 ἆνοβιβασαμένη,
842 1428 897 1507 τοὶς
914 1427 1043 1512 rivelino
1063 1429 1254 1511 οἰκουμένην
1266 1427 1383 1497 ἔπη

291 1511 453 1595 διοινήοοις
465 1511 526 1579 aienti
538 1519 646 1579 τοῦτον
659 1517 790 1597 ἐποίησε.
831 1519 875 1578 aio
894 1518 979 1577 Anna
991 1537 1031 1576 ax
1044 1515 1148 1576 codiee
1161 1516 1315 1595 pleniori,
1335 1536 1385 1576 oa·

289 1601 338 1660 ina
356 1599 432 1660 mihi
445 1611 515 1682 poet
525 1600 684 1662 editionem
701 1603 787 1682 copia
805 1603 937 1682 contigit.
977 1602 1077 1681 itaque
1089 1600 1124 1660 in
1140 1609 1209 1660 tota
1221 1602 1282 1661 ieta
1296 1622 1386 1682 pran-

290 1684 407 1746 aetione
419 1685 526 1745 anmmi
537 1684 661 1748 honoria
674 1697 766 1767 eaput
775 1688 877 1768 iprum
889 1688 953 1769 spei
969 1707 1005 1747 ac
1019 1706 1135 1746 aemma
1150 1684 1285 1747 fiduciae
1304 1688 1386 1746 ilon-

291 1769 608 1851 atantinopolitaniain
621 1791 733 1833 canone
747 1772 978 1833 chalcedonensi
989 1771 1155 1853 repetitum
1170 1771 1242 1834 tait.
1284 1771 1387 1853 deopa-

291 1854 441 1917 ntieaima
450 1856 544 1936 igiter
558 1876 646 1917 caum
658 1856 792 1938 ipaornm
809 1867 856 1919 eat
869 1867 900 1919 et
913 1878 1038 1939 protana
1049 1857 1155 1917 imane
1165 1856 1295 1936 petitio,
1318 1877 1386 1916 com

292 1947 363 2000 ante
378 1941 475 2000 omnia
492 1940 530 2001 de
542 1941 674 2022 primatu
685 1942 718 2001 in
729 1943 904 2005 univeranm
917 1943 1020 2003 orbem
1033 1963 1073 2003 ne
1086 1961 1141 2022 per
1151 1941 1307 2001 somniem
1323 1941 1387 2022 qai-
1470 1976 1472 1989 ‹

292 2022 363 2085 dem
380 2024 629 2089 Chaleedoaeoaie
641 2047 738 2087 canon
749 2028 875 2107 cogitet,
895 2026 1004 2089 tamid
1016 2027 1117 2107 iprum
1132 2026 1215 2107 qnod
1226 2046 1316 2106 agere
1327 2047 1387 2085 vo·

291 2106 364 2185 luit,
386 2118 422 2169 nt
432 2110 531 2171 aedem
545 2112 903 2193 constantinopolitanam
916 2134 956 2175 ex
965 2121 1072 2192 quarto
1088 2112 1122 2171 in
1135 2113 1304 2172 aecnndum
1316 2131 1387 2191 pro-

292 2203 431 2257 moveret
441 2195 567 2273 gradum
575 2241 586 2274 ,
605 2197 787 2261 reclamante
802 2199 935 2258 Romano
948 2196 1088 2280 pontifice
1101 2196 1224 2257 irritam
1232 2206 1264 2257 et
1277 2194 1386 2256 effecta

293 2296 414 2338 eaerum
425 2280 578 2344 maneant.
619 2302 655 2342 ae
666 2282 739 2343 licet
756 2284 939 2364 temporibua
953 2280 1114 2344 luatiniani
1126 2279 1189 2342 aeri
1200 2301 1385 2341 ancwaorea

292 2361 441 2435 Anatolii,
467 2384 525 2443 quo
544 2365 611 2426 iure
636 2386 734 2446 quave
758 2368 885 2443 iniuria,
912 2367 1118 2429 Alexandrino
1137 2365 1383 2444 Antiochenoqne

290 2445 474 2526 patriarchio
486 2450 649 2529 praepositi
664 2454 803 2531 legantur
816 2454 850 2513 in
863 2452 995 2517 Novellio
1010 2452 1096 2514 illiue
1106 2451 1302 2531 imperatorie,
1331 2460 1380 2508 ta-

291 2548 362 2588 men
380 2529 413 2589 id
432 2531 508 2590 eitra
522 2534 743 2612 praeiudicium
762 2538 911 2618 primatua
930 2540 1080 2599 Romanae
1101 2536 1161 2596 aedi
1179 2533 1377 2613 compotatio

292 2614 408 2675 factam
420 2617 578 2679 manileate
592 2619 726 2681 declarat
744 2621 809 2701 ipae
827 2606 1011 2685 tntiniinua
1032 2624 1065 2681 in
1082 2640 1130 2681 mo
1153 2617 1255 2677 codice
1266 2618 1299 2677 1,.
1316 2636 1373 2673 eo-

290 2718 448 2780 gnorare,
468 2699 521 2761 ubi
537 2701 575 2761 de
590 2703 723 2764 Romano
736 2707 881 2785 pontifice
890 2709 1027 2788 loquitur
1040 2706 1088 2768 hia
1100 2703 1208 2767 verbio:
1226 2722 1277 2761 nec
1291 2704 1377 2759 ινὶπι

172 2784 176 2803 ’
290 2786 433 2865 patimur
450 2797 486 2844 nt
506 2785 679 2867 quidquam
699 2811 803 2850 eoram
824 2814 905 2875 qaae
922 2792 968 2853 ad
983 2793 1212 2853 eccleciaetieran
1227 2791 1379 2870 pertinent

293 2880 429 2947 statam,
450 2892 510 2958 npn
522 2874 615 2933 etiem
626 2873 671 2933 ad
683 2874 816 2936 cenam
834 2881 985 2957 reseratur
997 2874 1242 2951 Reatinam,
1261 2893 1331 2933 cum
1342 2894 1386 2931 ω

295 2957 339 3012 eit
354 2967 449 3036 caput
469 2960 605 3019 orariam
626 2963 890 3024 eanctiseimoram
909 2962 960 3023 dei
978 2962 1179 3024 eaoerdotunr.
1219 2959 1294 3020 haee
1313 2958 1385 3033 ille3

295 3037 340 3098 ad·
353 3061 429 3118 qnae
439 3041 484 3101 aic
493 3053 632 3121 annotat,
652 3046 764 3126 alioqui
777 3068 883 3130 expera
896 3050 1046 3111 Romanae
1060 3045 1290 3119 communicarit,
1298 3044 1393 3123 Ilugo.

295 3123 438 3204 Grotiua,
457 3128 488 3187 in
503 3130 661 3210 Sparaione
672 3131 794 3193 Florum
805 3156 835 3214 p.
848 3134 926 3201 3142
945 3134 1020 3194 haec
1028 3133 1253 3215 perpetuosa&
1260 3134 1390 3209 Pam

290 3208 471 3288 prinoipem
487 3219 632 3275 eontentio
644 3215 690 3276 ad
701 3217 846 3279 tuendam
857 3219 997 3279 eoeleaiae
1006 3222 1152 3281 maan
1160 3235 1315 3296 perquam
1332 3236 1392 3273 Μ·

293 3298 440 3355 acetaria.
480 3296 559 3358 idem
579 3297 685 3361 dieunt
709 3303 944 3365 Valentinianae
956 3312 986 3367 et
999 3302 1146 3367 Pacida
1161 3305 1194 3361 ira
1209 3300 1303 3359 Actio
1315 3311 1394 3358 anie

295 3379 460 3439 concilium
477 3382 726 3463 Chalcedonam,
746 3386 864 3449 iadioee
883 3411 906 3449 a
924 3392 1082 3451 Martiano
1103 3387 1185 3463 dati,
1208 3395 1236 3444 el
1253 3387 1328 3464 ‘'1³⁸ss
1339 3406 1395 3465 ly·

297 3457 399 3557 raedae
420 3464 673 3530 Chalcodoneneie
694 3473 715 3536 4
738 3484 799 3533 aet.
815 3479 862 3540 16.
904 3472 984 3533 adda
1004 3474 1168 3535 Novellam
1183 3474 1253 3540 131·
1297 3490 1396 3550 qum

297 3543 387 3643 altam
401 3567 472 3608 auae
486 3558 683 3618 auctoritatis
695 3555 920 3637 independentie
940 3556 1263 3638 constantinopolitani
1276 3555 1396 3617 confir-

296 3639 458 3693 mationem
474 3648 625 3711 qaaerant.
666 3662 735 3705 nem
748 3640 824 3705 haee
843 3645 962 3724 quidem
978 3664 1038 3725 qua
1050 3664 1084 3706 ae
1100 3664 1160 3707 noa
1175 3642 1233 3702 niti
1246 3643 1397 3717 fatentur,

299 3733 317 3775 e
339 3734 452 3778 canone
474 3716 723 3803 Chalcedonam,
750 3727 851 3808 pelam
866 3730 994 3810 οἴχεται,
1020 3748 1059 3790 ne
1072 3728 1144 3809 ipaie
1160 3727 1286 3807 quidm
1298 3729 1398 3803 (¹⁸⁰tl

297 3799 347 3861 via
368 3803 504 3865 veritatir
520 3803 597 3886 eet),
623 3811 713 3870 etiam
732 3821 891 3892 portquam
911 3813 1057 3876 Photieno
1078 3812 1241 3875 achiamata
1260 3813 1397 3875 frontem

297 3888 532 3982 perlaicnerunt‚
550 3891 737 3959 diaaimulere
751 3897 904 3961 interdum
915 3899 1094 3983 valentibna.
1127 3897 1202 3978 quid
1216 3898 1299 3959 enim
1311 3896 1401 3957 eliud

299 3971 415 4033 indicat
431 3974 464 4035 id
475 3975 556 4053 quod
576 3980 713 4058 ruperint
733 3980 793 4042 hoe
809 3984 876 4064 ipao
897 3993 942 4047 eat
957 3985 1240 4066 capitanatum,
1264 4002 1400 4061 congre·

297 4065 397 4152 fletam
414 4059 470 4118 auh
490 4060 599 4122 loanne
620 4065 701 4125 Doce
716 4065 894 4147 imperatore
915 4071 1098 4131 Graecorum
1116 4066 1268 4148 synodum
1289 4069 1400 4131 decre-

296 4156 375 4201 vuae
386 4143 565 4239 legationem
578 4147 618 4209 ad
630 4170 753 4229 papam,
774 4172 834 4231 qna
850 4155 993 4215 sanctire
1007 4154 1073 4234 ipae
1089 4153 1152 4215 eint
1165 4151 1307 4231 episcopi
1317 4154 1398 4224 duo,

295 4221 450 4285 Sardeoua
463 4229 653 4295 lamoniam
673 4244 705 4294 et
722 4236 889 4315 Cyzicenua
912 4240 1071 4317 Georgica,
1092 4256 1249 4319 perquem
1261 4236 1399 4316 tmfile·

293 4314 401 4365 rentur
424 4329 457 4367 ae
476 4325 609 4388 parator
628 4316 753 4398 obsequi
769 4324 912 4403 pontefici
932 4325 1072 4387 Romano
1098 4324 1221 4403 citaeque
1239 4324 1276 4381 in
1297 4341 1398 4379 sacra
