2934 4838
307 350 384 427 726
569 388 574 395 ·
599 338 834 414 onerum.
857 339 1096 410 PAGHYMER.

307 518 443 581 traiicere
461 512 687 595 Hellespontum
713 507 838 592 perabat
862 506 902 570 sd
925 506 1080 571 visendam
1107 507 1297 589 Selybriam
1316 533 1334 570 a
1353 510 1403 570 sn's

310 613 423 684 captam
439 599 528 681 panlo
541 608 620 660 snte.
649 599 693 656 ita
706 593 902 675 Pschymeres
912 595 935 659 l.
947 599 1007 659 2⁰.
1022 598 1074 661 15.
1102 605 1202 655 secte
1216 594 1279 657 boc
1293 597 1402 676 quadri.

306 682 1402 851 btttttptd.{¹12¹th“sedtdt1ssttttrt‘ffiffitttffi

305 858 385 917 idem
398 854 579 931 historicus,
600 850 898 930 constantinopoleos
911 852 1182 931 oppugnationem
1205 850 1330 911 trimae!
1349 853 1402 910 sni

306 963 357 1003 mo
369 939 525 1015 versabat,
546 958 635 1018 quam
653 936 763 1017 reipsa
777 944 823 996 est
836 954 985 1014 aggressus
996 936 1184 1014 insequenti
1195 947 1308 996 sestam.
1336 946 1403 996 tunc

307 1037 407 1087 autem
422 1025 449 1084 is
461 1024 568 1084 itinere
582 1021 710 1100 cogitato
725 1022 937 1101 supersedens,
959 1019 1045 1080 dedit
1059 1041 1201 1101 operam
1212 1020 1295 1081 rebus
1309 1023 1401 1080 eccle·

310 1112 387 1188 siae,
414 1109 524 1170 ibidem
547 1107 598 1167 ubi
618 1117 692 1166 tuuc
708 1114 771 1165 erat
798 1104 963 1187 Nymphaei
985 1106 1182 1186 persistens,
1215 1106 1400 1185 congreganda

192 1238 200 1249 ,
311 1194 427 1277 synodo
454 1213 529 1274 quae
554 1192 591 1253 de
614 1192 730 1252 Arsenii
756 1209 873 1251 secessu
901 1199 1054 1252 statueret.
1106 1192 1259 1271 quodue
1285 1192 1398 1252 norm

204 1292 296 1350 P51a
312 1280 460 1362 quendam
489 1278 527 1337 ad
552 1276 712 1336 Arsenium
743 1276 845 1337 mittit.
891 1275 915 1335 is
950 1276 987 1335 ab
1013 1275 1150 1336 Arsenio
1182 1278 1335 1337 renuntiat
1354 1294 1397 1335 oe·

313 1367 381 1428 dere
407 1364 493 1423 illum
518 1359 734 1443 patriarchatu.
783 1359 835 1420 hic
854 1359 926 1420 finis
952 1359 1011 1421 luit
1036 1361 1158 1443 prioris
1189 1363 1310 1422 Arrenii
1329 1360 1393 1420 ets

313 1468 478 1533 quaecum
498 1446 618 1508 desierit
641 1445 737 1526 tpnti
758 1448 830 1505 anui
854 1449 937 1513 1260
955 1455 986 1505 et
1004 1447 1149 1527 coeperit
1169 1447 1329 1507 Decembri
1342 1445 1392 1504 ω’

312 1536 405 1611 1255,
420 1543 550 1615 quotuor
562 1550 710 1592 sunorum
725 1539 756 1592 et
770 1538 923 1612 praeterea
934 1531 1062 1591 totidem
1072 1531 1141 1592 iere
1160 1535 1318 1592 mensium
1328 1530 1392 1592 not

313 1640 332 1679 o
356 1628 443 1681 ortet.

332 1641 353 1703 p
399 1704 451 1764 lll.
492 1701 528 1764 In
542 1704 604 1763 eius
623 1702 724 1763 locum
743 1700 921 1762 substitutus
941 1700 1043 1761 statim
1067 1710 1117 1762 est
1134 1701 1393 1783 Nicephorustsat

314 1789 423 1871 Ephesi
439 1789 636 1869 metropolita.
672 1808 727 1848 cur
741 1787 842 1848 statim
853 1787 886 1845 id
899 1787 1010 1847 sactum
1022 1787 1147 1847 mam
1162 1807 1265 1848 cauas
1278 1797 1329 1862 est,
1345 1785 1394 1865 qaia

316 1873 475 1936 festinabat
490 1874 523 1932 in
539 1873 699 1954 procinctu
713 1873 751 1932 ad
768 1871 987 1952 expeditionem
1003 1880 1166 1951 urgentem
1182 1873 1395 1954 impensione

315 1961 380 2041 ipse
393 1958 575 2038 Nicephorus
589 1957 776 2037 cupidissime
788 1957 950 2016 assentiens
967 1958 1081 2017 nullam
1093 1978 1225 2017 moram
1243 1954 1396 2037 insepud

315 2044 453 2105 electioni
474 2063 555 2107 suae.
597 2053 756 2104 narrentur
770 2040 845 2101 hsec
866 2063 895 2105 c.
916 2040 954 2106 15
968 2050 1000 2102 et
1015 2047 1054 2107 16
1075 2043 1097 2103 Ι.
1111 2046 1152 2117 2,
1177 2043 1239 2102 ubi
1258 2053 1291 2102 et
1309 2040 1395 2101 dieas

317 2131 420 2192 eodem
431 2140 564 2209 tempore
578 2128 736 2189 decessisse
753 2124 926 2207 Nymphaeo
940 2127 1156 2207 imperatorem
1180 2127 1309 2207 quidem
1321 2124 1396 2184 Calh'-

314 2214 413 2297 polim
429 2234 534 2274 versus
553 2234 620 2272 cum
643 2212 776 2274 exercitu
796 2211 834 2271 ad
855 2211 1152 2291 Constantinopolim
1174 2210 1396 2294 oppugnandum,

316 2318 430 2359 novum
446 2319 518 2359 vero
538 2298 738 2379 patriercham
760 2294 960 2378 Nicephorum
974 2297 1135 2372 Nicaeam,
1163 2318 1328 2377 quaecum
1339 2302 1399 2354 esset

318 2392 394 2443 tunc
409 2382 480 2442 urbs
494 2384 591 2460 regia,
612 2384 724 2444 Latinis
739 2382 1028 2463 Constantinopolim
1043 2382 1241 2460 tenentibus,
1267 2383 1299 2441 in
1309 2400 1339 2440 ea
1355 2399 1400 2438 ao-

316 2468 390 2526 litus
403 2475 467 2526 erat
484 2466 616 2527 Graecus
631 2467 975 2548 constantinopolitanus
990 2466 1167 2546 patriarcha
1182 2466 1324 2528 divensi
1342 2463 1400 2522 ini·

316 2551 395 2610 tium
417 2549 637 2630 patriarchatus
665 2551 829 2631 Nicephori
855 2552 1055 2612 verisimiliter
1081 2555 1239 2613 confessor
1261 2546 1400 2609 inlinens

318 2634 430 2717 Aprilis
442 2641 496 2693 aut
510 2633 631 2694 initium
648 2636 721 2696 Maii
734 2642 807 2695 anni
820 2658 911 2719 suprs
925 2638 1079 2697 memorati
1094 2643 1188 2704 1260.
1224 2632 1401 2694 numatiuds

319 2719 514 2801 Pachymeres
540 2721 605 2788 l.2
633 2740 662 2781 c.
683 2725 725 2786 20
768 2722 942 2783 diuturnam
973 2730 1004 2782 et
1021 2722 1140 2783 initam
1160 2719 1401 2803 oppugnationem

323 2806 461 2883 Galatas,
481 2805 515 2864 in
535 2825 593 2885 qus
610 2804 775 2887 imperator
789 2808 974 2889 consumpsit
989 2816 1145 2870 aestatem.
1182 2825 1274 2885 eoque
1288 2803 1402 2862 sdeuu

228 2950 232 2961 ,
322 2891 510 2972 Nicephorus
524 2890 708 2971 patriarcha,
728 2901 880 2971 pertaesus
899 2894 1119 2967 Nicaeensium,
1147 2911 1273 2972 quorum
1290 2888 1401 2949 trema

325 2966 515 3036 addictorum
532 2976 600 3035 odis
620 2976 652 3034 in
674 2997 705 3037 ss
726 2976 846 3057 irasque
867 2979 952 3037 nulla
970 2976 1102 3036 'delinire
1123 2988 1190 3037 arte
1206 2983 1361 3057 potum-st,
1379 2991 1403 3031 ss

326 3061 472 3135 contulit,
493 3080 545 3140 spe
555 3060 742 3138 ingrediendi
755 3080 823 3121 cnm
836 3063 902 3142 ipso
920 3065 1051 3140 Augusto
1070 3063 1174 3122 urbem
1187 3082 1283 3137 mox,
1303 3070 1339 3119 ut
1350 3077 1405 3117 ms·

326 3145 470 3222 debatur,
491 3144 673 3224 capiendam.
715 3146 768 3205 sed
788 3167 857 3206 cum
876 3147 1063 3207 obsidionem
1086 3147 1199 3207 solvere
1220 3154 1350 3205 coactus
1363 3144 1404 3201 in

324 3239 450 3309 perator
461 3228 665 3309 Nymphaeum
677 3249 709 3292 sa
720 3232 898 3312 recepisset,
919 3241 1039 3292 secutus
1057 3252 1123 3291 eum
1134 3230 1208 3289 illuc
1223 3229 1405 3310 Nicepboru

325 3312 369 3372 ibi
385 3322 430 3373 est
445 3323 582 3374 mortuus
603 3314 657 3374 sub
672 3323 864 3393 autumnum,
886 3326 920 3376 ut
935 3326 1074 3397 apparet,
1099 3326 1149 3376 aut
1166 3313 1279 3374 hiemis
1300 3313 1407 3373 initis!

328 3396 462 3457 eiusdem
475 3398 545 3457 anui
561 3403 653 3466 1260.
695 3420 786 3480 quere
798 3401 880 3461 illius
892 3402 1110 3482 patriarchatus
1122 3399 1205 3461 haud
1223 3401 1289 3460 lere
1302 3400 1408 3478 ioum«

327 3482 509 3561 septimestri
522 3494 575 3542 aut
590 3485 754 3545 octimestri
765 3485 833 3546 fuit.
875 3486 947 3545 hinc
961 3488 1080 3546 vacavit
1101 3487 1187 3546 sedes
1203 3506 1323 3547 annum
1336 3481 1408 3545 circl-

327 3575 393 3642 ter,
414 3566 503 3626 anxie
513 3567 692 3630 deliberante
703 3571 881 3651 imperatore
895 3592 983 3651 quem
998 3573 1035 3632 sd
1045 3571 1178 3631 rationes
1193 3572 1358 3632 meditatas
1370 3588 1409 3627 sr-

330 3650 503 3733 punctionis
526 3655 637 3734 pupilli
654 3656 907 3717 accommodatum
931 3657 957 3718 ei
972 3657 1163 3737 praeficeret,
1184 3658 1292 3734 quoad
1309 3654 1409 3718 taudffl

330 3737 365 3797 iu
374 3735 491 3797 maeuii
502 3739 722 3800 mercationem
738 3742 902 3817 consensit,
924 3742 1009 3801 cuius
1023 3743 1054 3801 in
1068 3740 1291 3823 praeteritions
1303 3760 1410 3803 corona

333 3822 426 3883 tionis
447 3822 566 3882 loannis
582 3826 670 3902 pueri
686 3824 859 3906 patientiam
877 3837 1020 3908 expertus
1035 3827 1170 3907 speravit
1186 3826 1285 3887 etism
1300 3850 1337 3888 eo
1351 3820 1410 3886 1εῶ

333 3927 459 3969 usurum
475 3906 509 3968 iu
530 3912 772 3973 exauctoratione
793 3931 883 3991 quam
905 3911 1029 3994 parabat
1049 3912 1191 3975 eiusdem.
1238 3909 1409 3993 contigitis

334 3992 424 4052 terim
437 3996 503 4071 capi
518 3994 637 4070 urbem
658 4007 688 4055 et
701 3998 910 4076 imperatorem
921 4001 954 4057 in
970 4018 1034 4058 eam
1046 3994 1151 4056 invehi
1162 3996 1301 4056 solemni
1314 4010 1409 4080 pompe

335 4076 439 4156 ibique
455 4078 517 4137 fixo
539 4078 598 4138 ism
619 4078 788 4158 domicillo,
817 4082 975 4143 Amenium
998 4083 1096 4142 denuo
1118 4081 1251 4140 electum
1274 4104 1295 4141 a
1318 4078 1409 4162 synod

334 4162 432 4221 missis
448 4162 551 4235 legatis
563 4164 707 4224 invitasse
719 4165 757 4226 ad
774 4169 981 4228 resumendam
1001 4165 1171 4226 melioribus
1184 4166 1339 4246 auspiciis
1353 4161 1412 4222 sed

335 4251 432 4301 catam
445 4245 518 4303 olim
531 4256 716 4325 potestatem.
759 4251 869 4331 quibus
884 4254 936 4313 ille
950 4251 1110 4313 assentiens
1126 4251 1158 4308 in
1179 4248 1412 4316 urbemveru'ttl

333 4323 411 4381 tedis
421 4328 630 4404 patriarchalis
641 4336 859 4412 possessiouem
875 4357 978 4398 rursus
996 4335 1088 4414 adiit,
1109 4334 1130 4393 l.
1145 4338 1166 4399 8
1188 4354 1215 4394 c.
1230 4339 1271 4403 2.

457 4420 468 4451 1
