3036 4840
367 332 395 342 ‘'
463 354 594 430 nme
630 353 903 430 mosomum
970 380 982 414 τ
1150 346 1225 441 59⁵

137 521 320 604 docebitur,
341 519 387 581 uti
402 527 432 580 st
442 534 500 602 pro
523 539 559 580 eo
575 518 655 602 duod
674 521 784 583 ibidem
809 542 883 583 mox
899 521 1033 585 cernitur
1046 546 1162 607 muoso
1172 532 1226 613 βαὲ

136 603 235 686 odensi
255 600 359 690 γνώμη
380 605 585 687 reponendum
607 608 761 668 contendit
778 621 894 687 pruma
915 606 1042 690 irimpo
1062 613 1225 697 τεκτονική.

136 692 260 752 videtur
278 691 455 751 vocabulum
477 690 559 750 istud
577 691 732 771 antiquum
756 706 872 771 grume
892 712 908 750 r
930 693 1038 773 priscis
1055 694 1166 758 Latinio
1185 710 1228 761 er

137 776 252 838 Graeco
272 774 395 859 γράμμα
416 777 587 837 iormntum.
630 785 675 836 est
694 785 793 838 eutem
809 771 945 880 γράμμα,
966 789 1004 838 ut
1020 780 1094 842 elice
1110 783 1228 861 glossae

137 861 274 922 Graeco·
288 861 408 921 Lntinee
418 870 533 920 veteres
547 860 673 937 docent,
695 858 860 940 ὁστοθμος
876 864 1056 940 scripulum.
1097 888 1226 949 scruput·

134 946 198 1006 ium
216 954 313 1005 entem
328 946 393 1005 sive
407 945 590 1024 scripulum,
618 954 652 1005 nt
667 964 705 1005 ex
718 946 852 1005 Varrone
867 955 896 1005 et
913 946 1077 1008 Columella
1090 951 1172 1014 libn's
1187 956 1228 1015 de

135 1048 170 1093 rc
189 1030 301 1090 rustice
322 1029 383 1090 viri
412 1029 493 1089 docti
518 1029 677 1107 coliigunt,
699 1050 837 1090 mensure
853 1040 899 1091 est
912 1030 1045 1092 adhiberi
1061 1035 1148 1095 solite
1161 1057 1225 1098 me⁴

134 1117 244 1176 tiendis
256 1114 353 1194 egris,
375 1130 482 1194 nempe
494 1124 610 1195 gronio
631 1114 696 1174 sive
714 1127 841 1196 grume,
871 1134 948 1195 quoe
967 1124 1031 1176 eret
1044 1117 1227 1183 instrumem

135 1207 200 1261 tum
213 1201 298 1260 cuius
312 1199 670 1280 opedirigebstnrocnlns
685 1201 723 1258 sd
735 1201 827 1260 iinees
839 1200 990 1260 ducendos
1003 1211 1106 1263 exacte
1117 1216 1224 1285 rectos,

134 1284 299 1368 promiscui
310 1304 382 1344 usus
394 1284 566 1344 architectis
580 1293 610 1344 et
622 1283 879 1363 agrimensorium,
900 1286 981 1346 unde
991 1280 1117 1370 ieimpn
1125 1312 1227 1355 erere:

134 1366 209 1452 venei
221 1372 315 1445 dicte,
335 1378 371 1429 ut
381 1369 520 1429 vidimnn
562 1388 601 1429 ex
618 1362 666 1430 iris
686 1369 778 1449 liquet
796 1384 908 1452 grum
930 1368 995 1431 sive
1011 1390 1127 1453 grumo
1144 1375 1225 1436 idem

134 1469 199 1516 csse
214 1455 294 1536 qnod
307 1449 455 1536 γνώμων,
477 1448 623 1533 σταθμός,
646 1447 773 1536 ise'orpu
790 1449 960 1536 τεκτονική,
981 1457 1148 1538 scripulum
1162 1462 1226 1522 sive

134 1541 327 1620 scrupulum,
350 1558 425 1618 quoe
440 1540 539 1598 omnis
554 1539 707 1599 vocubulis
720 1539 831 1600 Latinis
847 1543 1000 1618 amueeie,
1022 1556 1153 1622 normae,
1175 1568 1225 1605 re·

135 1625 232 1705 gulae
251 1624 447 1704 respondent,
475 1633 505 1683 et
524 1625 721 1684 instrumente
742 1624 927 1705 significent,
948 1626 1055 1705 quibus
1068 1629 1150 1690 visus
1163 1628 1226 1691 im-

136 1729 242 1769 monus
255 1710 292 1768 rd
308 1707 549 1768 diiudicationem
566 1709 641 1769 recti
654 1729 670 1769 r
685 1728 780 1771 curvo
793 1719 845 1770 aut
859 1711 897 1770 ed
919 1712 1159 1789 exaequationem
1173 1715 1224 1775 eit-

136 1794 211 1873 liqui
227 1794 265 1853 ed
281 1803 383 1853 exerte
403 1794 549 1853 directum
570 1793 680 1869 utitur,
700 1794 739 1854 ed
760 1796 842 1875 quod
857 1812 924 1855 cum
939 1804 1016 1855 esset
1029 1808 1226 1880 ususeppor·

136 1886 229 1939 tonus
243 1879 460 1955 funiculorum,
483 1879 570 1939 etiem
590 1873 681 1963 γόνος
688 1923 698 1956 ,
726 1880 811 1960 piene
832 1880 891 1940 hoc
910 1880 1143 1942 instrumentum
1166 1883 1227 1944 dici

136 1964 254 2047 potuit,
290 1980 365 2044 quoe
396 1965 487 2024 verbe
518 1962 669 2043 Hesychio
702 1964 802 2024 sonem
836 1974 945 2025 sonent
972 1967 1225 2043 egrimensoriem.

136 2070 228 2131 porro
242 2068 309 2109 cnm
329 2048 513 2129 Hesychius,
542 2051 672 2128 quitum
694 2049 787 2109 mnitr
806 2051 892 2110 nobie
910 2050 1012 2128 ignote
1033 2064 1225 2114 monumenta

137 2144 239 2196 vetere
252 2135 383 2209 videret,
405 2133 515 2193 alicubi
529 2134 606 2193 sorte
620 2135 777 2214 reperisset
798 2132 858 2196 hoc
874 2135 1123 2215 instrumentum,
1143 2135 1226 2221 yeni-

137 2243 199 2301 pev
218 2219 281 2279 sive
300 2214 440 2303 ppippuv
462 2219 594 2297 dictum,
618 2212 742 2298 ποιὰτὴν
760 2214 968 2300 ουῑποιότητο
980 2222 1099 2300 noceri,
1120 2232 1150 2281 et
1165 2224 1224 2284 hoc·

136 2308 216 2364 inter
234 2305 372 2365 notiones
396 2304 542 2363 abstrusus
562 2304 792 2380 vocabulorum,
822 2306 923 2385 qusles
943 2306 1115 2366 innumeras
1133 2322 1224 2389 opere

135 2390 260 2451 illosne
276 2390 500 2469 complectitur,
527 2388 754 2468 exprimendum
773 2398 921 2469 putasset,
947 2390 1013 2450 fieri
1026 2392 1112 2450 focile
1125 2394 1225 2471 potuit

135 2484 172 2536 stt
185 2496 222 2535 ex
235 2496 270 2536 eo
283 2475 494 2554 Pechymeres,
515 2482 653 2552 ceptetor
667 2474 794 2553 cupidus
809 2474 967 2535 verborum
982 2476 1115 2536 inusitati
1131 2477 1224 2556 signi-

134 2560 262 2638 iicstus,
289 2556 450 2639 ποιότητος
476 2558 656 2618 vocobulum
689 2557 749 2617 hoc
775 2558 843 2618 loce
865 2580 920 2638 pro
948 2560 1050 2638 regnis
1078 2563 1222 2641 posuerit.

132 2645 278 2707 ltsctenue
295 2645 406 2725 scripte
424 2663 491 2703 cnm
505 2645 691 2703 ostenderem
711 2643 915 2704 iiluttrissimo
933 2645 967 2704 D.
984 2646 1083 2711 ebbeti
1096 2647 1222 2707 Octavio

134 2731 329 2809 Falconerio,
354 2730 449 2812 ipsine
473 2747 506 2787 se
526 2728 714 2788 iimstissimo
738 2729 850 2789 iudicio
873 2729 1047 2806 subiiciens,
1080 2733 1224 2808 suggessit

134 2816 290 2876 iiievideri
304 2835 391 2896 posse
404 2813 559 2892 antiquum
573 2813 732 2874 Etruscum
751 2814 932 2874 vocobulum
946 2817 1059 2890 Picta,
1078 2834 1095 2873 e
1110 2816 1225 2876 Graeco

135 2896 256 2982 ποιὸοης
268 2903 421 2981 expositae
433 2898 483 2958 hic
500 2899 631 2959 notionis
659 2908 773 2975 ortum,
805 2899 976 2979 promiscuo
987 2909 1062 2958 tnnc
1073 2918 1131 2958 usu
1144 2919 1225 2977 gen-

134 2987 210 3045 tium
231 2986 402 3061 amborum,
425 2994 455 3044 et
471 2984 582 3044 Lstinie
594 2984 667 3061 ,sive
686 2983 770 3042 italis
789 2983 944 3064 permultis
965 2982 1225 3064 Constantinopoli

136 3080 165 3130 et
179 3072 211 3130 in
225 3071 328 3132 multis
348 3071 413 3130 eliis
434 3068 593 3129 Orientalis
615 3067 734 3148 imperii
752 3067 859 3127 insutis
872 3077 902 3128 et
921 3068 995 3127 iocis
1011 3066 1225 3148 peregrinanti.

133 3155 190 3217 bns
217 3166 269 3217 sut
286 3154 478 3234 degentibus,
510 3162 541 3212 et
555 3151 687 3212 vicissim
706 3170 769 3210 non
784 3152 888 3231 pencie
901 3151 1022 3211 Grsecis
1033 3151 1115 3211 Pisas
1133 3159 1224 3232 etque

133 3240 284 3303 Etruriam
303 3240 483 3314 visentibus,
515 3236 599 3296 vrrie
625 3235 869 3296 commerciorum
894 3236 969 3297 vice.
1012 3244 1129 3296 constet
1152 3250 1225 3297 seue

133 3327 212 3407 sputi
229 3328 354 3386 Dantem
373 3321 576 3404 Aliglrerium,
597 3321 755 3399 antiquom
777 3329 807 3380 et
822 3321 945 3381 meximi
960 3321 1090 3381 nominis
1103 3328 1224 3401 poitrm

132 3411 304 3487 Theseum,
323 3428 427 3471 nocem
441 3412 535 3467 Picto
553 3426 612 3486 pro
631 3409 706 3485 pede
723 3406 871 3485 usurpari.
910 3404 983 3466 ride
995 3405 1060 3466 eius
1069 3406 1224 3468 infernum

133 3495 190 3556 sub
209 3494 299 3554 finem
321 3506 426 3556 centus
444 3498 493 3561 19.
536 3490 675 3551 vocabuli
691 3499 789 3552 sutem
803 3512 860 3571 pce
875 3498 904 3549 et
923 3489 1172 3570 aequivalentium
1188 3492 1223 3551 in

134 3578 252 3640 conctis
266 3578 374 3657 linguis
383 3594 457 3640 usus
471 3585 516 3638 eet
531 3574 787 3655 frequentissimus
809 3575 847 3634 ed
864 3574 1086 3653 significandum
1098 3594 1224 3637 meneu-

132 3684 199 3727 rsm
212 3663 276 3724 sive
291 3663 523 3725 instrumentum
536 3660 686 3722 metiendi.
728 3661 810 3720 unde
821 3660 873 3720 ille
886 3661 976 3720 tritus
990 3660 1107 3723 iiorstii
1119 3682 1223 3721 versus

299 3749 400 3806 metiri
413 3766 444 3807 re
456 3766 603 3828 quemque
617 3767 672 3806 eno
686 3743 811 3805 modulo
825 3764 863 3806 oe
870 3743 950 3826 pede
961 3766 1065 3806 verum
1085 3756 1139 3808 ert.

132 3832 266 3896 eiusdem
280 3832 437 3910 generiem
450 3833 578 3892 nominis
593 3840 678 3891 erent
689 3830 888 3892 instrumente
903 3830 1005 3912 piures
1025 3830 1117 3889 simul
1133 3826 1226 3908 pedes

133 3918 336 3994 dimetientie,
362 3936 438 3995 quse
464 3937 519 3996 pro
539 3915 657 3976 rstions
676 3916 810 3995 numeri,
836 3926 953 3976 retento
977 3915 1063 3996 pedis
1088 3911 1219 3982 nornine,
1238 3926 1329 3992 [³412

131 4002 399 4083 distinguebsntur.
441 4016 479 4059 ex
493 3999 618 4060 uiseret
637 3998 815 4081 decempeda
827 4000 1013 4062 dimetiendis
1027 3996 1135 4059 mines
1148 4013 1224 4075 por-

130 4089 243 4152 ticibus
257 4108 297 4151 ex
308 4086 433 4150 florano
449 4084 567 4145 eodem:

543 4167 634 4226 nullu
653 4163 837 4246 decempedis

374 4262 488 4313 metata
503 4254 639 4332 privutie
658 4271 788 4330 opacum

377 4342 514 4421 porticus
533 4335 699 4417 crespiebot
720 4336 845 4396 Arcton
