2966 4852
214 343 237 385 x
554 287 559 297 '
652 312 689 381 r.
713 310 876 381 rossmr

213 480 362 572 qnostab
382 477 540 545 occasione
558 476 889 545 multicannisinriri
908 475 1308 547 doctissimiiscur'sssscri-

212 587 272 650 niis
290 583 378 647 multi
397 580 504 647 sciunt.
544 600 698 645 succesms
718 578 787 661 init,
807 583 928 667 quatem
948 581 1140 645 comitiorum
1156 580 1197 646 de
1211 605 1306 666 regno

211 690 354 752 arborum
380 704 466 749 sacer
491 686 636 772 apoiogus
663 695 831 762 memorat,
864 695 899 747 ut
930 682 1074 747 niarimm
1101 684 1181 759 rita,
1214 687 1306 768 oliva,

210 791 289 865 fleu,
315 786 428 851 cunctis
449 801 507 872 pre
530 802 565 850 se
588 802 706 871 qusque
730 782 839 871 pimus
867 785 1004 849 felicibus
1024 786 1245 868 recusantibus,
1265 788 1307 853 ad

210 893 374 955 rhamnum
393 909 442 952 res
463 885 682 952 devolveretur.
724 887 794 950 licet
819 884 902 952 erem
928 887 1006 951 mihi
1027 883 1164 952 corncius
1183 893 1307 976 suppel-

211 993 318 1059 lectilis
344 1000 462 1070 curtae,
492 988 617 1053 minoris
637 989 801 1069 iacuimtis,
820 989 966 1076 temporis
983 987 1194 1054 dismissimis
1214 1012 1307 1054 occu·

209 1092 382 1183 patioaibns
408 1090 619 1171 addictissimi,
643 1103 746 1155 tamen
774 1091 900 1172 cogni&
928 1086 1083 1155 desideriis
1109 1091 1167 1157 riri
1193 1093 1307 1156 sumnu‘

210 1196 252 1260 de
273 1217 326 1260 nae
358 1189 474 1280 epuns
504 1190 625 1265 meriti,
650 1190 850 1258 verecundas
868 1212 959 1256 meae
984 1194 1050 1258 rim
1077 1192 1254 1259 iacientibus
1274 1208 1307 1260 et

210 1297 407 1383 imperiorum
432 1295 648 1383 occupantibus
674 1305 789 1381 partes,
817 1292 928 1358 eadere
954 1315 1044 1381 supra
1063 1293 1142 1358 vires
1163 1318 1227 1358 non
1247 1294 1308 1359 dus

210 1399 322 1480 bituri,
350 1399 474 1486 eiusque
499 1420 578 1462 onus
597 1396 710 1478 negotii
729 1398 846 1477 subire,
873 1397 907 1458 ia
926 1414 987 1482 quo
1000 1395 1177 1461 sustinendo
1196 1396 1308 1461 defun-

212 1500 373 1588 gendoqne
392 1500 535 1568 vicentii
554 1498 844 1583 ingeniique‘omnis
870 1495 1004 1562 studium
1026 1497 1103 1562 mihi
1123 1518 1191 1564 esse
1209 1497 1308 1564 debs-

213 1615 368 1692 astatque
389 1601 575 1690 obsequim.

297 1757 338 1824 V.
379 1755 431 1822 Sic
450 1753 491 1820 ad
511 1775 583 1818 eum
602 1755 739 1816 laborem
758 1751 949 1833 aggrediens,
977 1753 1010 1815 in
1029 1749 1214 1817 recensendo
1234 1767 1308 1818 ver-

211 1860 365 1946 tendoque
395 1850 524 1921 fundum
546 1852 653 1917 habui
667 1851 865 1917 Barberinum
892 1852 1045 1933 codicem,
1077 1870 1149 1918 eum
1177 1851 1217 1915 ds
1242 1874 1306 1939 quo

132 2004 134 2011 ·
212 1965 308 2026 multa
328 1960 410 2037 dixi,
431 1956 586 2034 omnium,
607 1950 730 2040 opinor,
747 1956 800 2040 qui
819 1966 922 2020 emant
940 1956 1059 2041 uspiam
1077 1954 1306 2037 integerrimum

210 2076 243 2129 et
262 2063 430 2151 optimum,
451 2059 485 2121 in
513 2059 613 2121 charta
637 2056 846 2138 transmarina,
872 2058 1027 2123 vetustatis
1046 2057 1160 2121 auctmi
1179 2056 1307 2138 Pachy-

208 2165 287 2229 meri
307 2161 456 2248 aequalis,
475 2178 585 2223 manus
603 2179 667 2220 non
686 2157 926 2243 speciosissimae
940 2157 1064 2246 quidam
1084 2169 1136 2222 aut
1156 2160 1234 2221 iectu
1253 2159 1307 2221 ia·

209 2266 355 2344 dilianae,
376 2273 525 2327 castermn
542 2259 678 2325 eruditae
698 2272 729 2323 st
748 2271 880 2325 exactae.
921 2261 999 2326 duos
1020 2261 1157 2326 concubii
1175 2260 1252 2324 elios
1271 2259 1306 2323 in

210 2365 328 2447 dubiis,
351 2365 534 2430 Vaticanum
555 2363 796 2428 stinatianam.
839 2364 932 2449 priori
958 2364 1179 2429 abibliotiaeca
1198 2361 1306 2427 Ponti·

208 2468 299 2547 srcia,
324 2467 378 2531 ubi
407 2478 588 2547 oneramur,
623 2484 737 2530 nomen
762 2465 833 2531 feci.
879 2466 937 2528 iuit
961 2466 988 2529 is
1014 2464 1169 2551 quondam
1197 2463 1239 2528 V.
1267 2462 1304 2528 G·

210 2569 327 2652 aloysii
353 2568 464 2633 Loiiini
491 2569 626 2658 episcopi
651 2564 861 2648 Beliunensis,
893 2568 945 2654 qui
972 2590 1045 2633 sum
1073 2566 1207 2632 moriens
1233 2584 1306 2629 cum

209 2672 276 2735 aiiis
302 2664 381 2751 mss,
412 2664 609 2758 praemulta
635 2672 810 2752 coiisgerat,
837 2668 1002 2736 Vaticanus
1030 2671 1231 2736 bibliothecae
1258 2671 1306 2732 le-

209 2772 300 2856 gavit.
348 2766 430 2836 launo
462 2785 497 2836 ut
526 2772 599 2837 inde
636 2772 764 2836 domum
797 2774 968 2853 auferrem,
1000 2774 1102 2860 ibique
1136 2770 1177 2835 ad
1205 2771 1306 2834 conti-

210 2892 306 2941 nuum
336 2886 367 2938 et
394 2870 563 2940 liberiorem
583 2896 673 2939 usum
692 2874 795 2941 multis
816 2874 972 2939 mensibus
991 2885 1126 2940 tenerem
1146 2873 1182 2938 S.
1201 2871 1243 2937 D.
1261 2871 1302 2939 N.

207 2975 455 3043 muxauuttl
474 2975 538 3043 VII·
555 2989 708 3064 pruestsns
727 2977 897 3059 benignitas
914 2978 1069 3045 concessit,
1108 2975 1229 3041 terim
1243 2975 1306 3037 hn-

210 3080 384 3144 manissims
404 3074 608 3165 suppeditavit
629 3100 648 3141 s
667 3078 785 3166 privetu
804 3078 923 3166 peculio
944 3078 1064 3143 librario
1084 3077 1305 3144 Illustrimimm

211 3180 277 3244 Leo
296 3174 418 3243 Allatius
439 3182 604 3267 praefectus
620 3180 819 3245 bibliothecae
836 3180 1026 3247 Vaticun'ae.·
1052 3184 1182 3269 praeiert
1198 3179 1226 3243 is
1245 3198 1305 3240 an-

210 3282 378 3368 tiquitatem
402 3280 685 3367 quadiingsntcrum
709 3284 798 3348 facile
818 3304 965 3346 annorum
988 3280 1107 3348 ciasrtae
1126 3293 1158 3347 et
1176 3280 1305 3367 scriptu-

211 3406 265 3448 ras
290 3383 390 3471 specie
416 3402 452 3449 uc
483 3381 587 3469 alep,
614 3383 670 3449 sed
700 3397 746 3449 est
777 3381 943 3469 ἀκέφαλος
965 3384 1021 3452 καὶ
1041 3380 1172 3469 ἀτελής,
1193 3382 1304 3446 dacem

210 3485 324 3550 circiter
354 3484 499 3574 capitibus
524 3485 629 3573 primis
649 3487 789 3568 mutilus,
817 3490 911 3552 tinem
928 3488 1004 3553 item
1023 3488 1137 3553 lucanis
1156 3485 1304 3570 interpel-

207 3589 303 3650 latum
336 3598 367 3650 et
395 3584 508 3651 ieiunis
544 3587 613 3651 aeri
642 3608 678 3650 ac
715 3598 926 3675 tempestatum
966 3602 1138 3677 corruptum
1173 3590 1303 3651 habens.

207 3687 372 3753 Vaticanus
401 3690 492 3769 longe
521 3688 694 3755 recentioris
720 3703 766 3756 est
791 3714 908 3759 munus.
950 3695 981 3757 in
1008 3692 1173 3760 Barbarittu
1195 3688 1304 3753 codice

205 3792 334 3878 pertusis
355 3811 426 3854 casu
446 3788 579 3874 quodam
599 3784 680 3856 {ciris
700 3791 835 3880 duobus,
857 3801 890 3862 in
911 3797 1055 3882 capitibus
1074 3799 1095 3865 6
1116 3800 1181 3862 ete
1201 3787 1303 3857 libril

206 3892 306 3957 hiatus
325 3890 454 3956 totidem
470 3896 572 3972 fuere,
593 3912 670 3981 quos
689 3900 809 3984 expiere
824 3920 887 3963 non
907 3900 992 3986 potui
1013 3920 1052 3964 sx
1071 3898 1227 3975 illatione,
1248 3892 1304 3980 qui

207 3994 330 4081 Pfimsss
351 4006 385 4057 1¹⁸
406 3990 489 4075 dixi,
521 3996 666 4084 capitibus
686 3999 793 4065 decem
814 4011 908 4081 caret,
928 4022 986 4064 nec
1006 4021 1046 4064 ex
1064 3999 1226 4075 Vaticano,
1248 3996 1303 4082 qni

207 4114 271 4161 non
290 4108 353 4162 tem
373 4099 581 4186 apographum
599 4101 742 4168 historiae
761 4103 955 4186 Pachymeris
974 4124 1066 4187 quam
1085 4098 1304 4189 compendium

208 4210 269 4279 est,
297 4192 424 4268 dirersis
450 4202 590 4289 pleraque
615 4205 716 4270 verbis
742 4206 928 4291 exprimens,
954 4227 1018 4268 non
1044 4204 1149 4293 paucis
1169 4212 1305 4290 praeter-

208 4298 319 4370 missis.
358 4304 469 4370 recurri
495 4326 566 4389 ergo
593 4305 635 4371 ad
661 4310 816 4396 exemplar
845 4317 1032 4375 assemsmm
1059 4308 1093 4371 in
1117 4305 1305 4372 bibliotheca
