3036 4840
281 330 357 401 632
582 324 817 397 ousuttvtr.
841 325 1078 398 PAGHYMER.

279 493 380 577 potuit
400 491 534 553 sufficere
552 511 614 553 vox
639 486 754 573 μύδρος
763 501 778 568 ’,
803 511 895 571 quam
914 500 1003 555 vetus
1025 488 1199 552 scholiastes
1224 491 1397 572 Sophoclis

279 582 494 658 interpretatur
506 576 775 657 πεπυρακτωμένοις
796 578 934 660 σίδηρος,
955 587 987 638 et
999 576 1166 657 Hesychius
1183 579 1314 660 σίδαρος
1329 602 1395 641 πε-

277 663 474 747 πυραμίνοςι
494 663 537 721 sic
550 664 629 721 enim
648 662 875 722 rescribendum
887 683 943 743 pro
960 661 1192 746 πεπυρωμένος.
1236 665 1298 722 fuit
1309 662 1395 723 haec

276 769 369 830 prava
385 749 447 808 sine
461 748 552 808 dubio
570 748 757 807 innocentiae
775 748 947 827 probandae
959 749 1054 823 ratio,
1073 749 1181 807 merito
1193 747 1228 807 in
1242 749 1313 808 iure
1327 752 1393 807 Ga-

276 834 384 895 nonico
397 833 568 913 proscripta
583 853 647 912 cap.
663 833 863 909 consuluisti,
891 854 956 914 cap.
978 836 1158 901 tremene
1177 852 1205 910 q.
1222 832 1244 896 5
1264 843 1299 892 et
1319 853 1389 912 cap.

277 917 383 978 delicti
402 927 498 980 extra.
542 916 581 976 de
602 918 776 997 purgatione
799 918 929 998 vulgari,
956 939 1020 999 cap.
1042 922 1224 977 sententiam
1243 927 1307 977 ext.
1329 937 1390 977 nec

275 1023 341 1065 eam
361 1013 465 1063 noster
480 1002 633 1081 probavit,
654 1002 707 1062 sed
720 1010 838 1064 tantum
854 1005 958 1065 retulit
978 1002 1050 1084 quid
1066 1002 1166 1077 fieret,
1187 1002 1282 1061 etiam
1300 1004 1386 1080 alibi,

277 1107 386 1167 nempe
405 1088 461 1153 te
481 1092 557 1160 e1,
578 1088 730 1167 gratulans
748 1097 891 1167 tanquam
913 1089 1070 1150 emendato
1085 1086 1284 1169 reipublicae
1299 1097 1386 1148 statu

277 1172 361 1251 quod
377 1173 435 1232 ista
449 1172 604 1232 desiissent
617 1174 690 1234 fieri.
732 1173 857 1234 michael
873 1176 982 1257 quippe
994 1174 1184 1253 Palaeologua
1197 1183 1270 1232 ante
1281 1176 1382 1255 impe-

276 1259 358 1319 rium
378 1256 478 1317 adbuc
498 1255 639 1337 despota,
672 1259 770 1339 coepit
789 1260 906 1320 abolere
928 1281 1016 1321 usum
1037 1258 1176 1340 adigendi
1188 1257 1325 1318 homines
1338 1258 1380 1319 ad

277 1342 360 1403 istud
371 1342 568 1423 periculosum
583 1344 833 1422 experimentum,
855 1345 938 1425 quod
956 1346 1016 1406 iam
1030 1346 1165 1426 privatus
1177 1345 1378 1425 praedamna·

278 1436 374 1493 verat.
416 1428 508 1487 refert
527 1427 605 1486 enim
628 1428 800 1509 Acropotin
819 1430 897 1491 Hinc
915 1451 942 1495 c.
961 1436 1003 1497 50
1021 1451 1051 1512 p.
1075 1430 1117 1495 53
1132 1430 1180 1494 ed.
1199 1430 1285 1509 neg..
1306 1449 1376 1489 cum

277 1511 389 1571 Phocus
417 1511 682 1592 Philadelphiensis
715 1516 904 1596 metropolita
931 1516 1016 1577 iussu
1045 1514 1232 1595 imperatoris
1257 1515 1375 1573 Ioannis
1435 1560 1439 1567 .

168 1592 259 1650 Pett
276 1598 415 1659 Batatzm
431 1596 566 1657 michaeli
586 1598 759 1680 Palaeclogo
778 1601 989 1681 perduellionis
1014 1610 1150 1680 suspecto
1170 1600 1375 1680 purgationem

276 1703 331 1765 per
346 1684 460 1743 ferrum
473 1682 603 1743 candens
628 1686 877 1767 praescripsisset,
898 1687 940 1747 sic
959 1706 1028 1747 enm
1048 1686 1202 1764 alloquens
1224 1687 1275 1748 δεῖ
1289 1704 1321 1747 σε
1334 1688 1376 1769 τῷ

280 1762 386 1853 μύδρον
412 1765 469 1849 τὴν
499 1762 647 1849 ἆίήθειαν
672 1767 941 1854 παραστήσασθαι,
975 1771 1163 1851 respondisse
1189 1769 1375 1829 michaelem:

277 1852 337 1937 ipsi
348 1851 402 1935 pir
416 1848 590 1934 α’μαρτοιλύς
604 1855 665 1935 eius
676 1852 843 1937 ἄνθρωπος
853 1857 905 1921 sui
916 1862 1122 1942 τερατουργεῖν
1134 1860 1260 1919 τοιαῦτα
1273 1850 1312 1918 ου’
1322 1853 1376 1919 δύ·

276 1962 379 2021 ναμαι.
422 1939 450 2000 εί
463 1937 497 2001 di
510 1963 562 2019 μοι
578 1937 768 2026 συμβουλεύῃ
789 1946 1008 2024 μητροπολίτιρς
1028 1938 1075 2005 civ
1092 1939 1144 2004 καί
1157 1945 1238 2004 θεοῦ
1251 1938 1375 2023 ἄνθρα-

275 2048 334 2097 πος
348 2021 431 2086 τουτί
451 2021 691 2107 διαπράξασθαι,
714 2026 837 2090 ἔνδυσαι
855 2024 911 2110 μὲν
929 2022 1019 2103 αύτδς
1031 2023 1088 2109 τήν
1103 2019 1189 2109 iteris
1203 2047 1260 2090 σου
1274 2032 1376 2093 πᾶσαν

276 2102 403 2189 στολήν,
426 2105 530 2183 euticie
544 2110 656 2184 εἴωθας
670 2110 703 2176 ἐν
719 2115 763 2192 τῷ
782 2114 860 2199 θείῳ
877 2110 1062 2196 είσίρχεσθαι
1081 2105 1193 2193 βήματι
1206 2110 1259 2174 sat
1274 2111 1375 2193 ἐντυγ-

276 2188 381 2275 χάνειν
398 2199 481 2277 θεῷ,
507 2190 570 2258 εἶτα
585 2192 625 2277 δή
641 2202 705 2270 ταῖς
721 2203 788 2272 σαῖς
803 2198 905 2293 χερσίν
919 2193 1095 2280 ίκπύρασύν
1107 2220 1160 2305 pos
1173 2193 1228 2260 τδν
1241 2198 1374 2279 σίδηρον,

277 2273 327 2354 αίς
341 2281 397 2341 τοῦ
418 2280 507 2342 θείου
523 2274 641 2368 ἐφύπτρ
656 2276 813 2363 θύματον.
822 2328 830 2344 .
839 2328 863 2346 ..
877 2282 928 2347 καί
941 2280 1063 2360 ταύταις
1076 2284 1115 2363 δη
1128 2289 1192 2357 ταῖς
1207 2282 1305 2364 ἱεραῖς
1321 2301 1375 2344 σον

275 2363 378 2444 χερσίν
394 2362 499 2437 ἐπίθες
513 2370 552 2451 τῇ
571 2368 649 2448 χειρί
665 2390 725 2447 μου
745 2362 799 2432 ris
812 2368 937 2451 σίδηρον
950 2379 1007 2430 etc.
1051 2368 1167 2449 petebat
1180 2367 1323 2426 nimirum
1339 2375 1374 2426 ut

276 2448 399 2506 mstistes
412 2448 495 2526 prius
510 2449 573 2529 ipse
587 2452 710 2531 ignitum
726 2452 837 2514 sermm
850 2453 932 2514 nuda
946 2473 1039 2514 manu
1053 2454 1144 2514 otiose
1157 2460 1319 2511 macutum
1338 2452 1371 2509 in

275 2550 360 2590 suam
375 2530 545 2609 deponeret
580 2536 662 2613 quod
675 2539 864 2619 metropolita
873 2559 1014 2600 recusans
1027 2538 1217 2599 bunemorem
1232 2553 1295 2594 essa
1309 2553 1366 2592 ne·

276 2624 328 2696 gat
339 2615 465 2675 Romani
480 2627 534 2677 aut
553 2619 741 2680 ecclesiastici
761 2643 849 2701 usus,
873 2626 926 2684 sed
944 2625 1141 2698 barbaricum,
1161 2619 1364 2678 excusamin-

278 2701 428 2761 eluctabili
441 2720 472 2759 ae
488 2702 674 2783 imperatoris
691 2708 870 2771 auctoritate
890 2710 930 2771 ad
949 2712 1039 2772 istam
1055 2705 1301 2789 iiiipurgationem
1312 2703 1363 2762 in-

280 2787 435 2846 dicendam
453 2786 546 2868 adigi,
573 2810 664 2867 quam
685 2786 786 2853 famen
806 2793 933 2856 Michael
955 2795 1105 2857 recusavit
1130 2789 1366 2852 constantissime.

279 2872 379 2933 videri
397 2881 497 2953 potest
514 2894 551 2934 ex
572 2875 703 2954 reliquiis
731 2875 791 2938 hoc
809 2880 990 2962 superfuisse
1017 2880 1172 2957 ethnicae,
1203 2875 1371 2955 etquidem

180 2978 183 2979 ⁷
278 2962 488 3040 perantiquae,
510 2961 732 3040 superstitionis.
774 2985 844 3024 nem
867 2965 1027 3047 Sophocles
1045 2965 1173 3026 heroicis
1185 2965 1243 3024 iam
1254 2971 1373 3042 tempo-

278 3046 363 3104 ribus
385 3045 605 3126 Oedipodsrum
625 3047 734 3107 Thebis
751 3051 938 3131 regnantium
959 3052 1092 3113 exerceri
1114 3049 1236 3112 solitum
1253 3049 1377 3126 indicat,

280 3129 355 3190 dum
370 3131 402 3190 in
417 3132 561 3212 Antigona
573 3133 642 3192 facit
652 3153 748 3195 unum
759 3137 916 3198 custodum
928 3159 1002 3217 quos
1016 3157 1073 3198 rex
1088 3138 1185 3198 Creon
1198 3146 1379 3216 apposuerat
1483 3202 1484 3213 ρ

281 3215 421 3274 cadaveri
433 3218 578 3298 Polynicis
595 3228 630 3278 ut
647 3219 763 3300 sepeliri
781 3221 990 3302 prohiberent,
1017 3231 1176 3304 postquam
1187 3222 1218 3281 id
1234 3222 1272 3279 ab
1286 3223 1379 3282 anu-

280 3318 357 3377 gona
374 3311 515 3378 opertum
533 3303 625 3365 humo
645 3306 758 3381 fuerat,
777 3308 897 3368 ‘factum
911 3311 973 3389 regi
994 3310 1188 3385 referentem,
1207 3316 1238 3366 et
1251 3328 1381 3387 magno-

281 3401 351 3526 pere
368 3398 563 3527 prensantem
580 3390 613 3451 id
634 3390 709 3451 citra
726 3412 811 3452 suam
831 3403 862 3455 et
879 3395 1027 3457 sociorum
1043 3393 1251 3454 conscientiam
1262 3404 1379 3472 aetum,

305 3486 357 3527 aec
390 3489 486 3531 rcere:

446 3552 535 3635 ἡμεῖς
554 3553 584 3622 δ’
605 3558 718 3641 ἕτοιμοι
737 3555 796 3625 ais
816 3556 951 3646 μύδρους
972 3564 1068 3647 αίρειν
1088 3568 1189 3647 χεροῖν

444 3639 498 3703 καί
519 3647 581 3725 πύρ
603 3646 735 3727 διέρπειν
753 3645 805 3709 καί
826 3647 921 3723 θεούς
942 3648 1135 3734 ὁρκωμοτεῖν,
1187 3607 1200 3643 '

447 3720 481 3787 τδ
502 3725 577 3806 μήτε
596 3731 705 3813 δρᾶσαι
725 3726 799 3814 μήτε
818 3737 862 3819 τῷ
882 3736 1049 3810 ξυνειδέναι

446 3804 481 3874 τύ
502 3816 624 3895 πρᾶγμα
643 3814 839 3896 βουλεύσαντι
858 3813 930 3900 μήτ’
951 3816 1143 3904 εἰργασμένῳ.

286 3890 372 3953 offert
388 3913 418 3953 ae
435 3904 466 3955 et
478 3898 570 3957 socios
587 3899 626 3958 ad
642 3903 888 3963 contrectandum
902 3908 1014 3967 ferrum
1027 3905 1158 3966 candens
1173 3899 1207 3962 in
1220 3901 1382 3983 probatio·

284 3998 352 4039 nem
370 3979 572 4044 innocentiae:
592 3987 652 4045 scio
674 4007 712 4047 ex
731 3989 935 4050 vetustissimis
950 3992 1013 4053 eins
1032 3992 1092 4052 loci
1105 3987 1270 4051 scholiastis
1284 4006 1381 4049 nuum

282 4060 342 4123 hoc
355 4066 394 4124 ad
413 4069 563 4144 quandam
581 4071 774 4133 iurisiurandi
792 4077 988 4137 ceremoniam
1012 4080 1133 4138 referre.
1176 4075 1218 4133 sic
1239 4077 1320 4134 enirn
1339 4073 1382 4132 ibi

282 4159 426 4227 annotat;
447 4150 575 4219 εἰώθασι
593 4154 650 4239 γύρ
673 4159 707 4222 of
727 4150 745 4223 ύ
769 4153 893 4234 νύοντες
908 4167 1003 4226 ταῦτα
1022 4168 1131 4227 ποιεῖν.
1173 4154 1310 4242 μύδρους
1321 4156 1381 4240 γαρ

282 4232 416 4335 αἶ’δθνξές
426 4236 593 4321 inspersae
607 4243 707 4320 μένειν
719 4266 757 4306 τα
771 4239 859 4324 ὅρκια
874 4243 1025 4322 ἕαςαύτοί
1039 4247 1171 4326 φανοῖσι,
1191 4243 1243 4309 καί
1253 4244 1382 4325 ῥίπτον-

279 4330 329 4371 σιν
344 4315 456 4391 αυτούς
478 4323 522 4394 εἰς
539 4319 706 4389 θάλασσαν.
748 4329 844 4389 sotem
862 4334 943 4392 enim
961 4332 1084 4415 (inquit)
1095 4335 1236 4393 iurantes
1250 4327 1380 4387 εαδίαία
