3036 4840
555 309 647 379 HR.
670 308 714 382 ll.
748 310 902 384 NOTAE.
1046 346 1051 352 ·
1201 313 1278 389 627

186 476 265 541 etius
277 473 347 537 alibi
359 473 539 557 explicatum
549 494 567 537 a
577 472 692 539 nostro.
732 484 850 539 tantum
864 475 903 539 da
914 474 1011 539 causis
1023 476 1134 557 gratiss
1144 477 1278 545 chndeni

185 560 268 644 apud
284 559 470 639 michaelem,
492 581 566 641 quaa
585 580 617 623 ae
636 560 706 623 alibi
729 562 881 624 dicturum
902 560 954 624 hic
968 560 1130 642 significat,
1155 566 1276 627 invenio

186 668 214 708 c.
226 651 263 713 11
286 644 375 707 buim
398 646 469 707 libri
486 646 660 708 Cbadennm
679 644 761 726 bunc
779 647 853 707 dum
878 647 962 709 iussu
980 646 1131 709 Theodori
1152 650 1277 730 Augusti

184 740 355 811 suspectum
366 730 411 792 illi
422 730 627 812 Palaeologum
648 728 854 792 Thessalonica
871 730 1005 792 vinctum
1017 733 1195 811 abduceret,
1216 734 1278 796 bu-
1292 741 1316 797 Ρ
1330 743 1383 804 197

184 834 328 877 manusc
350 815 529 890 clementer,
555 814 655 895 quoad
675 816 792 895 potuit,
813 816 913 876 dinem
932 816 1089 896 imperium
1102 821 1277 887 exercuisse.

184 900 265 979 nuda
283 920 415 982 pronum
436 900 552 961 creditu
573 907 632 977 est,
660 909 814 979 utcunque
832 899 865 960 id
881 912 983 962 noster
1001 901 1110 962 diserte
1130 925 1279 984 nusquam

184 986 254 1047 alibi
268 985 428 1067 expressit,
448 983 638 1061 Micbsblssn,
657 985 711 1045 ubi
723 995 770 1046 est
785 986 825 1045 ad
842 985 998 1065 imperium
1014 996 1133 1048 evectus
1143 1034 1163 1065 ,‚
1173 1009 1207 1050 ec
1222 1013 1277 1053 no-

183 1072 263 1134 mine
273 1090 305 1131 se
321 1080 440 1152 matum
458 1069 599 1130 Cbadeno
611 1070 796 1149 praebuisse,
817 1068 987 1131 adhibendo
1003 1088 1073 1131 eum
1083 1072 1278 1155 familiariter,

184 1166 217 1218 et
248 1157 311 1217 eiua
332 1174 422 1236 opera
438 1155 541 1236 primis
565 1154 829 1216 administrationis
855 1155 900 1216 rei
921 1155 1056 1238 publicae
1075 1157 1278 1223 functionibus

183 1241 308 1303 umudo.
349 1259 418 1301 cum
433 1249 533 1301 antem
546 1240 656 1301 referat
665 1250 768 1301 noster
778 1259 809 1321 p.
824 1242 867 1305 98
881 1261 911 1302 v.
927 1241 966 1308 16
990 1240 1195 1322 Palaeologum
1214 1254 1279 1304 sta-

183 1327 238 1387 tim
255 1334 345 1405 stque
363 1324 529 1386 declaratur
543 1324 704 1406 imperator
721 1334 783 1404 est,
804 1333 961 1405 antequam
975 1335 1184 1401 coronaretur,
1204 1328 1279 1390 Phi-

182 1408 361 1491 ladalpbiaur
371 1430 440 1471 cum
457 1410 549 1490 copiis
566 1410 766 1491 progressum,
784 1409 855 1471 inde
875 1410 1062 1473 accersirisse
1073 1413 1280 1493 praesidiarios

184 1496 348 1557 confinium
364 1494 477 1557 Persidi
497 1494 645 1556 montium
666 1505 698 1556 et
714 1476 853 1556 resillius
870 1495 971 1557 limitis
987 1496 1156 1576 ordinatae,
1178 1499 1279 1560 credi-

183 1581 242 1643 bile
257 1589 303 1641 sat
313 1599 352 1640 ex
362 1580 399 1641 iis
411 1598 487 1660 quse
499 1579 550 1641 hic
563 1579 752 1657 scribuntur,
773 1601 861 1641 nsum
873 1599 942 1642 curn
957 1581 991 1641 in
1004 1590 1071 1642 toto
1089 1583 1141 1643 illo
1160 1585 1277 1666 negotio

183 1675 216 1727 et
236 1665 358 1726 oonsilio
377 1674 408 1727 et
428 1664 590 1726 ministerio
608 1663 748 1726 Cbadeni
790 1685 967 1744 quamquam
997 1664 1069 1726 buic
1085 1669 1278 1751 poniecturae

182 1751 305 1815 videtur
322 1750 521 1827 intercedere,
542 1750 625 1831 quod
639 1762 741 1812 noster
754 1747 813 1811 hoc
829 1750 895 1810 loco
909 1750 1023 1811 indicat
1040 1752 1128 1811 istam
1139 1756 1279 1814 vexatio-

182 1855 252 1899 nem
269 1836 499 1897 custodientium
519 1845 636 1897 montes
656 1834 769 1898 Persidi
782 1835 949 1916 oppositos,
971 1834 1278 1917 achadenopersua-

182 1942 247 1983 sam
263 1920 399 1983 blicbabli
418 1921 590 2001 Palaeologo
610 1921 670 1981 iam
683 1921 857 2000 imperanti,
878 1920 918 1980 sd
939 1921 1103 2001 posteriora
1116 1941 1279 2004 recupera-

182 2016 233 2069 tae
250 2005 506 2086 Constsntinopoli
525 2005 676 2088 pertinere
692 2015 837 2086 tempora.
878 2025 972 2085 quaro
991 2006 1047 2066 nisi
1068 2008 1213 2089 prolepsis
1227 2009 1278 2071 hic

183 2090 329 2172 quaedam
354 2092 545 2172 agnoscitur,
577 2091 781 2171 quaerendum
804 2091 874 2151 alibi
903 2098 948 2152 est
970 2090 1090 2171 quando
1118 2095 1277 2175 contigerit

183 2176 267 2257 quod
288 2197 371 2238 nunc
389 2177 530 2243 retertur.
569 2177 682 2237 lrustm
700 2185 800 2237 autern
824 2184 888 2236 tcta
907 2173 966 2235 hac
987 2175 1140 2238 Michaelis
1153 2177 1277 2240 historia

182 2258 1026 2427 tmttt‘snl'ltmttiffltllffit
1034 2262 1277 2411 attenti

178 2431 423 2514 locopraemiasa.

265 2538 293 2579 c.
304 2522 335 2584 6.
353 2581 357 2587 ,
375 2535 440 2579 rem
459 2514 544 2577 dictu
561 2535 702 2596 parvam,
728 2515 783 2577 sed
800 2513 957 2577 admonitu
977 2516 1055 2578 sorte
1075 2535 1139 2578 non
1150 2538 1276 2599 prorsus

177 2600 317 2665 inutilem
330 2601 502 2665 brevissime
514 2602 682 2682 transigam.
721 2621 853 2682 pronum
871 2610 917 2662 est
936 2600 1027 2663 docto
1037 2603 1149 2663 Graece
1159 2604 1274 2683 lectori,

181 2686 256 2749 dnm
277 2691 310 2749 in
330 2686 390 2748 ltoc
411 2687 506 2768 capite
529 2686 724 2769 puzouplras
744 2686 790 2747 bis
810 2686 901 2767 leget,
927 2686 1055 2748 suboriri
1078 2689 1274 2769 suspicionem

180 2773 255 2835 editi
272 2773 413 2834 mendose
433 2771 509 2847 loci,
538 2792 607 2834 cum
629 2782 752 2847 auctor,
777 2780 870 2853 prout
890 2772 1000 2833 caeteri
1022 2772 1120 2832 solent
1138 2775 1275 2852 sortasse,

180 2856 357 2941 μαχομένων
369 2857 529 2940 scripserit.
571 2859 655 2936 atqui
671 2856 905 2918 comtautissime
920 2877 956 2917 ac
971 2857 1130 2916 clarissime
1140 2856 1172 2916 in
1187 2858 1276 2919 codi·
1344 2848 1349 2857 ’

180 2944 264 3005 cibus
276 2944 500 3024 antiquissimis,
519 2942 692 3023 praesertim
702 2942 864 3003 Barbarum
877 2942 925 3001 cui
936 2940 1122 3021 potissimum
1135 2939 1274 3002 adhaesi·

179 3049 261 3105 mus,
282 3027 479 3113 μαχουμένων
497 3028 694 3092 scribebatur.
735 3044 841 3106 nempe
855 3024 1067 3106 Pacbymerem
1086 3022 1138 3083 bic
1156 3045 1276 3104 quoque

180 3112 264 3193 loqui
291 3135 360 3177 cnm
388 3114 479 3194 vulgo
502 3112 618 3195 piguit,
650 3110 858 3171 recordantem
888 3111 970 3192 apud
996 3109 1161 3173 Homerum
1182 3110 1274 3177 out

179 3218 213 3263 r.
232 3197 296 3266 402
326 3218 358 3259 se
387 3199 489 3278 legisse
516 3189 745 3278 μαχεούμενον,
775 3194 835 3256 od.
858 3216 883 3257 n
904 3214 936 3258 v.
963 3195 1025 3263 114
1055 3187 1273 3278 μαχεούμενοι,

179 3282 264 3346 Iliad,
277 3309 298 3348 α
309 3304 340 3346 v,
358 3284 421 3349 845
435 3277 591 3363 popisma
598 3321 608 3354 ,
629 3287 661 3338 st
670 3278 738 3338 alibi
749 3278 863 3339 similia.

266 3389 298 3450 p.
306 3373 346 3433 21
365 3385 396 3427 v.
413 3370 443 3430 1.
485 3364 654 3445 qua'fils‘am
665 3366 782 3444 nepotis
802 3366 866 3424 eius
884 3359 956 3444 (boc
977 3370 1024 3423 est
1041 3362 1161 3425 loannis
1177 3364 1273 3446 patria

181 3450 348 3532 Theodori)
361 3452 507 3530 exj'ratrs
518 3451 711 3509 matrimonio
724 3448 787 3509 eibi
804 3451 946 3509 &saxnat
962 3448 1100 3509 Mutae!
1106 3451 1273 3511 Polueolo-

178 3558 252 3619 gas.
283 3535 359 3597 baec
370 3535 537 3598 distinctius
548 3544 722 3596 narrantem
735 3534 840 3599 audire
850 3551 959 3614 operae
970 3535 1099 3616 pretium
1114 3545 1161 3596 est
1173 3537 1272 3598 Geor-

180 3622 262 3703 gium
280 3622 478 3703 acropolitano
496 3620 648 3683 oculatum
671 3628 822 3701 gestorum
845 3627 961 3680 testem.
1003 3639 1071 3701 ergo
1084 3621 1110 3680 is
1122 3620 1271 3681 Historiae

181 3726 252 3768 ause
266 3727 293 3768 c
306 3710 345 3774 61
359 3729 388 3788 p.
403 3706 445 3773 66
462 3707 509 3771 ed.
522 3708 594 3788 lleg.
606 3707 651 3767 sic
663 3705 779 3767 scribite
798 3703 851 3769 sol
862 3703 882 3769 d
894 3701 1034 3786 βασιλευς
1048 3704 1166 3787 (nempe
1181 3705 1272 3765 Ioan-

180 3811 234 3854 nes
247 3793 397 3873 Augustua
410 3790 559 3853 Theodori
581 3788 684 3873 pater)
710 3788 765 3855 edu
782 3786 948 3871 Koprqro'v
969 3788 1120 3867 ἕνεδέξατο
1134 3786 1271 3870 Μιχαήλ,

179 3878 234 3943 sal
246 3871 403 3961 ζεύγνυσιν
416 3875 499 3942 oderi
514 3877 557 3953 eir
573 3883 702 3961 γυναῖκα
720 3879 777 3942 τοῦ
788 3870 927 3953 οἷδελφονῖ
944 3868 1041 3939 cedrusi
1057 3879 1113 3938 τοῦ
1128 3875 1271 3955 otperto·

179 3957 326 4071 spdropor
337 3941 486 4027 leuaslou‘
501 3966 559 4026 rosi
578 3956 683 4026 Δοῦκα
701 3955 828 4045 ὃχχόνην
844 3956 903 4042 τήν
918 3957 1097 4041 Θεοδώρου,
1117 3953 1159 4034 ἣν
1173 3955 1269 4039 μα’ννχν

179 4048 201 4114 d
212 4072 311 4131 rrurqp
324 4040 419 4130 ualerir
430 4042 647 4122 melalomoo'c
661 4045 681 4111 d
694 4050 750 4110 rori
762 4037 1033 4128 οεβαοτοκρᾶνομος
1050 4038 1119 4117 υἷος
1127 4035 1270 4121 Ἰωάννης

179 4132 224 4199 irs
237 4134 271 4199 lv
283 4132 419 4216 μείμαξεν
435 4127 480 4196 sir
495 4127 530 4196 sd
542 4127 636 4213 χρεὸν
649 4129 828 4212 ὃξεμὲτρησε.
855 4129 899 4190 ita
910 4128 969 4188 ille.
1011 4146 1050 4186 ex
1068 4123 1115 4186 bis
1128 4125 1272 4186 habemus

178 4218 321 4281 Ioannem
333 4218 445 4279 Ducam
457 4216 521 4278 sive
539 4217 688 4277 Batataern
702 4214 867 4296 Angustum
883 4220 1011 4292 purgato
1021 4211 1091 4270 satis
1105 4230 1123 4269 a
1138 4210 1272 4281 crimini-

178 4304 238 4369 bus
256 4303 393 4388 impactis
409 4311 582 4391 attrecepto
607 4301 641 4363 iu
662 4299 789 4382 gratiam
809 4296 946 4361 michaeli
967 4295 1156 4378 Palaeologo,
1183 4313 1271 4376 quem
