2968 4848
201 327 273 402 140
384 408 390 415 ,
511 330 689 399 GEORGII
709 331 972 400 Pamrtnfflffls

191 530 251 585 το,
278 497 348 570 τότε
368 502 403 568 δέ
425 500 482 586 τὴν
505 499 645 586 inertius
669 499 952 588 όιαφυλαττόμενος
971 502 1109 572 ἐκποδῶν
1129 503 1192 587 τόν,
1226 515 1291 583 τοῖς

196 605 457 689 ὑποβαλλομένας
483 607 668 692 προσίχων,
708 600 741 673 εὖ
771 606 859 684 ridden
878 614 941 675 τῶν
966 602 1070 673 τόπων
1096 611 1200 692 συνίη,
1240 614 1290 674 καί

196 710 436 794 προσεσκέπτετο
460 707 544 786 ὅπως
564 709 677 795 άριστα
699 710 814 795 γίνοιτο
832 713 882 776 καί
899 711 978 794 μετά
1000 714 1137 795 σπουδῆς
1150 712 1186 778 τό
1200 718 1290 794 μελι-

192 810 329 895 τιόμενον
340 813 445 900 σφίσι,
469 810 595 899 μήπως
612 817 663 879 καί
678 811 924 894 άντιλλαξάντων
946 820 1037 881 τινῶν
1056 814 1092 880 τό
1116 815 1149 880 ἐν
1163 820 1289 905 κρυπτῷ

193 918 384 1004 φωραθείη.»
777 930 780 934 ’
1296 935 1316 988 5

104 1018 177 1074 1291
299 1020 357 1090 27.
407 1015 462 1095 Ὡς
483 1024 558 1104 γοῦν
579 1016 652 1101 ἐστη
676 1017 711 1084 τό
734 1023 797 1084 πᾶν
820 1023 876 1102 τῆς
896 1023 1031 1101 βουλῆς,
1063 1014 1156 1085 καλό
1184 1017 1291 1102 καιρός

195 1117 354 1189 ἐτάττετο·
380 1121 489 1197 νυκτός
502 1121 560 1207 γάρ
575 1120 631 1206 τὴν
648 1120 814 1207 ἐπιβουλὴν
829 1125 977 1188 συνοίσειν
994 1123 1044 1187 καί
1061 1122 1094 1187 ἐκ
1114 1126 1170 1187 τοῦ
1185 1122 1290 1205 αίφνι-

194 1228 263 1292 όίου
287 1225 332 1309 μὴ
355 1224 598 1311 προσδοκώντων
620 1224 765 1307 ἐγνωσαν.
816 1223 963 1301 κάκείνοις
981 1225 1038 1306 μίν
1051 1223 1144 1305 μίλον
1159 1215 1198 1305 ἦν
1212 1226 1290 1289 ἐπα-

193 1326 406 1412 νοβεβηκότας
426 1328 461 1393 τὸ
483 1338 581 1412 τεῖχος
595 1327 647 1392 διὰ
661 1324 815 1409 κλιμάκων
830 1326 972 1414 ἀψοφητί
988 1327 1063 1403 rede
1075 1322 1239 1414 φυλάττειν
1255 1352 1289 1394 τε

193 1433 395 1516 τεταγμένους
410 1441 624 1517 καταρριατεῖν
636 1429 756 1496 ἄνωθεν
770 1433 821 1497 καί
838 1429 895 1514 τὴν
910 1437 966 1513 τῆς
979 1436 1076 1515 πηγῆς
1089 1427 1188 1512 πάλην
1200 1428 1335 1500 sirei-10
1480 1448 1481 1491 ι

194 1560 257 1620 γειν
277 1541 398 1622 σφῆνας
418 1531 627 1617 ἐμβαλόντας,
653 1533 706 1599 τόν
732 1535 765 1599 ἐκ
786 1536 887 1600 λίθων
904 1531 1008 1617 μόνων
1031 1529 1289 1620 προσαρμόζοντα

155 1634 293 1725 Βταόηγ
319 1648 422 1721 τοῖχον
451 1633 694 1723 κατερηριφότας
718 1633 885 1723 πρότερον,
918 1643 963 1726 τῷ
990 1636 1024 1701 δέ
1049 1638 1187 1722 Καίσαρι
1215 1635 1290 1713 νοός

192 1737 385 1827 στρατιώτας
406 1740 458 1807 διά
474 1741 581 1818 νυκτὸς
596 1735 796 1826 ἐφελκόμενον
814 1737 945 1822 ἑτοίμως
960 1735 1128 1822 εἰσβάλλειν
1142 1740 1192 1803 καί
1207 1738 1286 1804 κατά

192 1844 249 1929 τὴν
270 1843 467 1928 ἀνοιχθεῖσαι
486 1841 585 1926 πάλην
604 1842 804 1928 είσίργεοθαι.
858 1841 954 1919 εὐθυς
972 1849 1028 1925 τῆς
1046 1838 1216 1926 αλρισμίνης
1231 1867 1288 1907 νυ-

191 1947 265 2024 κτός
288 1943 453 2030 ἐπιστάσης
475 1946 504 2011 οἶ
524 1948 580 2029 μέν
600 1939 680 2030 ἦσαν
703 1945 781 2032 πρὸς
799 1945 942 2035 τοῦργιρ,
968 1948 1019 2011 καί
1039 1941 1135 2010 τόπον
1156 1943 1286 2011 εὔθετον
1296 1963 1330 2018 15

192 2047 415 2134 στοχασάμενοι
429 2051 521 2115 ἐκεῖσε
534 2056 689 2137 προσῆγον
703 2049 758 2133 τὴν
771 2051 920 2132 κλίμακα,
942 2044 1140 2135 εὖφαλάκτως
1151 2047 1187 2113 τό
1203 2044 1287 2130 σάμ-

191 2179 253 2219 πιιν
269 2152 403 2236 ἐχοντες,
429 2150 473 2236 μή
487 2178 553 2230 πως
564 2163 628 2230 τοῖς
641 2148 754 2238 φόλαξι
765 2158 941 2239 φωραθεῖεν
955 2149 1074 2235 κοίτην
1088 2147 1193 2236 θήραν
1207 2149 1287 2215 dea-

152 2259 176 2313 0
193 2253 352 2340 σοβήσωσι
359 2305 370 2337 ,
397 2261 516 2339 μᾶλλον
529 2257 585 2339 μέν
602 2248 656 2321 οὖν
671 2259 722 2321 καί
737 2257 878 2341 μίγιστος
893 2253 999 2331 αὐτοῖς
1010 2256 1150 2330 κίνδυνος
1163 2256 1285 2340 ἐπιστῇ,

190 2361 217 2425 εί
231 2356 329 2449 άλῷεν
341 2356 596 2440 ἐπιβουλεύοντες,
647 2363 774 2447 Καῖσαρ
788 2360 822 2425 δέ
836 2364 892 2443 τῆς
906 2356 1015 2434 νυκτὸς
1026 2358 1139 2442 ἐκείνης
1152 2355 1186 2423 τό
1199 2362 1286 2423 Σκυ-

257 2521 282 2577 2
301 2516 416 2590 ουνῄεεί

188 2655 438 2781 ίέἒίλλλῗὶἐλ
461 2655 1008 2781 iiiit‘riiifflt‘ii'tiititi‘-
1030 2673 1077 2779 tf.
1089 2657 1284 2780 im&

190 2797 283 2851 eedens
299 2766 483 2868 remersusq'ne
499 2813 528 2850 se
549 2745 744 2866 epeunspeetu,
770 2812 867 2864 semper
891 2797 923 2849 iis
943 2813 1010 2866 quea
1025 2761 1227 2864 suggerebantui·
1241 2798 1285 2847 at·

189 2867 312 2920 tendens:
329 2867 385 2921 ibet
400 2867 466 2919 enim
483 2883 534 2919 uua
551 2881 606 2919 eum
628 2866 683 2935 ipse
700 2865 768 2918 idern
789 2865 835 2918 iiie
851 2865 1013 2919 Cutritseeaa
1027 2864 1194 2935 peritissimus
1211 2864 1286 2916 Ιοοο·

188 2951 261 3003 rum,
284 2937 382 3020 pariter
403 2944 495 2990 eunde
520 2935 732 3018 circumspiciens.
767 2934 934 3016 providebant
956 2943 1040 2987 eutem
1058 2934 1133 2987 ambe
1153 2931 1227 3015 simui
1253 2938 1285 2985 ut

189 3015 383 3129 tinniit:
390 3022 536 3147 nitidi:
555 3004 787 3145 {dirimunt}
802 3000 1284 3126 .2?izitt“t:.it‘i.tti⁰¹.·:

188 3141 358 3195 cifererentnr
374 3153 403 3198 et
417 3144 486 3214 quod
503 3145 566 3197 ciam
586 3145 726 3213 perabetur
741 3142 825 3211 paitru
841 3142 987 3211 proderent.

256 3213 300 3264 27.
333 3212 371 3263 Ut
395 3213 473 3279 igitur
493 3213 527 3265 de
549 3214 663 3266 omnibus
688 3211 807 3265 convenit
822 3228 889 3280 quae
905 3208 1073 3264 eondneibiiia
1087 3208 1119 3261 ed
1137 3221 1283 3262 τοαοοττσοε

187 3278 284 3348 negotii
308 3285 369 3331 sunt
393 3284 462 3349 vise,
487 3289 514 3335 et
534 3285 696 3336 eonstitutum
713 3292 813 3351 tempus
829 3288 871 3333 est
894 3284 989 3345 (nnetn
1006 3279 1072 3332 enirn
1089 3286 1118 3330 et
1134 3294 1167 3330 ex
1182 3275 1283 3359 impr-n·

185 3348 1282 3474 diritatiintinniit*initiis?'reddiit⁹323!

186 3487 247 3536 dete
264 3490 305 3535 est
321 3434 504 3540 οοόόόεασεασί
521 3488 576 3541 sine
592 3439 702 3560 enipius
718 3488 796 3542 seaiis
806 3437 919 3541 ἐιιέιαολίτ
934 3503 1022 3554 mure,
1051 3502 1133 3557 enque
1157 3490 1282 3553 euperem

186 3570 252 3624 qnos
276 3552 314 3605 ibi
342 3557 460 3609 custodes
485 3557 629 3625 reperirent
651 3574 761 3627 superne
777 3564 851 3610 extra
867 3555 1013 3618 deficiendi.
1040 3571 1072 3609 ee
1088 3559 1187 3625 portam
1205 3552 1247 3604 eni
1263 3568 1283 3605 a

184 3626 256 3676 fonte
274 3639 362 3675 nomen
380 3631 420 3676 est
437 3626 623 3692 patefaciendi,
641 3627 729 3680 cuneis
746 3625 879 3696 impactis,
896 3624 940 3678 ubi
958 3625 1094 3678 obductam
1111 3623 1177 3676 ustie
1193 3637 1282 3673 mees-

183 3692 247 3745 riam
273 3691 344 3761 prius
369 3692 514 3744 diruissent.
550 3694 658 3746 Caesari
674 3712 735 3748 veru
753 3700 911 3748 reservatum
926 3693 1050 3747 excitam
1070 3695 1236 3763 pernoctem
1252 3694 1282 3742 et

183 3777 292 3832 pransos
309 3770 413 3829 paretes
430 3778 514 3814 seeum
532 3763 635 3815 trahere
650 3762 757 3831 milites,
782 3780 847 3834 quus
863 3772 1006 3834 opportune
1021 3762 1169 3816 immitteret
1186 3767 1215 3811 et
1231 3774 1283 3828 per

184 3836 302 3899 apertum
326 3830 418 3883 ostium
441 3848 496 3882 eum
519 3829 582 3899 ipsis
604 3832 764 3900 irrumperet.
796 3832 883 3885 statim
907 3849 969 3899 erge
986 3837 1016 3885 ut
1032 3831 1149 3884 eondiete
1166 3844 1215 3882 nex
1232 3827 1284 3881 ed-

184 3900 248 3965 fuir,
273 3898 311 3952 illi
334 3898 436 3968 quidem
458 3899 483 3951 in
507 3916 585 3968 opere
609 3902 768 3972 praescripto
791 3903 976 3964 vertebantur,
1001 3900 1066 3954 elem
1091 3897 1169 3952 eeslit
1184 3896 1282 3950 erectis

182 3967 275 4022 idonee
293 3986 325 4022 ee
340 3969 449 4021 seierter
465 3968 562 4021 deiectu
580 3971 650 4036 Ιοοο,
666 3974 807 4024 audonem
823 3970 973 4023 adhibentes
990 3986 1126 4032 summam,
1142 3983 1175 4019 ue
1191 3972 1283 4019 ueste-

185 4036 261 4090 dibus
286 4037 405 4090 indicium
423 4037 463 4089 sui
477 4038 583 4103 durent,
607 4049 727 4109 atquem
742 4044 861 4092 venetum
877 4040 949 4092 ibant
965 4039 1086 4108 prsedam
1110 4034 1220 4105 strepitu
1238 4034 1282 4087 in-

183 4107 336 4175 tempestivo
356 4112 484 4160 terrerent
506 4115 668 4177 praemature
688 4116 879 4177 mererentque.
912 4108 946 4161 ed
962 4125 1038 4178 quem
1054 4104 1216 4160 sedulitatem
1233 4120 1283 4158 ea-

184 4176 261 4256 rendi
278 4177 454 4231 excitabuntur
470 4176 640 4245 magnitudine
657 4178 753 4248 proprii
768 4175 892 4247 periculi,
912 4179 1002 4248 utique
1018 4176 1110 4247 quibus
1127 4181 1282 4295 emper·

185 4243 264 4297 nicres
285 4246 460 4316 impendebat,
484 4245 507 4298 si
525 4247 736 4318 interciperentur
751 4245 779 4299 in
794 4246 852 4316 ipsa
868 4245 998 4299 molitione
1016 4243 1133 4299 insidiosi
1224 4248 1280 4295 tua.

186 4311 511 4387 Geeeupeeruperesm
530 4315 754 4387 uectemeunptit
776 4310 1281 4385 senumflrythieeteuetisaiiisee·
