3036 4840
552 294 630 366 uu.
651 293 694 373 ll·
728 296 884 369 uorat.
1186 297 1258 373 661

174 456 257 520 ultro
270 454 463 539 Paobymeres
476 457 589 520 latetur
600 481 632 543 p.
640 459 703 528 306
714 480 744 529 v.
754 466 786 541 7,
808 460 898 524 troile
907 418 1106 544 tnpemruut
1120 460 1259 542 flagranti

173 543 256 622 apud
275 563 362 603 omne
384 542 581 605 Christianum
605 567 714 607 nomeu
735 547 809 608 novi
827 548 873 608 sui
887 546 1050 609 conaberis
1068 547 1258 609 Constantini

172 625 275 707 Magni
287 627 398 706 gratia,
419 637 455 687 ut
471 629 504 688 in
522 650 642 691 censum
660 631 806 692 maiorum
824 633 1031 710 ecelesiarum,
1059 651 1136 711 quae
1151 642 1256 712 postea

170 712 357 790 frequentius
372 711 585 793 patriarchales
598 725 721 777 vocene
734 725 816 794 sunt,
834 717 1023 778 reserrentur.
1067 735 1153 796 quem
1167 736 1258 777 nemo

170 795 246 877 ipsis
261 795 405 857 bonorem
417 796 542 875 invidit,
563 800 660 878 quoad
674 798 728 860 ani
741 800 941 881 praeieriptos
954 800 988 861 in
1004 800 1068 861 eius
1080 820 1137 861 usu
1149 800 1258 862 limites

169 900 365 962 perrumpere
376 889 429 939 eut
446 883 598 944 transilire
616 894 687 944 eunt
698 885 809 946 conati.
850 885 1014 960 cumcuim
1030 905 1113 946 aacra
1127 885 1258 946 Nicaeae

169 966 303 1045 synodus
317 966 418 1026 locum
437 964 512 1047 ipsis
527 977 668 1047 quartum
681 969 762 1029 inter
782 968 914 1049 quinque
934 969 1060 1029 maiores
1072 967 1257 1048 assignasset,

168 1048 229 1129 ipei
246 1069 373 1129 aequum
389 1061 540 1111 censentes
554 1074 661 1113 noram
684 1054 805 1114 Romam
827 1063 858 1114 et
873 1052 993 1134 imperii
1014 1052 1113 1112 sedem
1132 1053 1257 1115 alteram

168 1136 261 1194 etiam
280 1134 314 1193 in
330 1133 527 1196 ecclesiastica
547 1137 689 1216 dignitate
708 1133 824 1218 ‹ipiooe
851 1134 1004 1198 admoveri
1021 1136 1131 1195 Romae
1149 1137 1255 1214 veteri,

165 1217 248 1279 nihil
260 1238 325 1278 nen
345 1230 505 1281 moverunt
523 1241 583 1301 quo
599 1230 823 1300 assequerentur
842 1218 1089 1283 utAlexsndriuo
1105 1230 1135 1280 at
1145 1219 1254 1279 Antio-

35 1330 40 1337 *
167 1301 266 1363 abeno
286 1302 482 1383 patriarchis,
509 1326 634 1386 quorum
653 1306 704 1366 ille
724 1306 872 1367 secundus
889 1305 940 1367 bic
961 1305 1065 1367 tertiue
1085 1304 1252 1365 ellemaro

164 1386 337 1467 patriarcba
348 1387 385 1448 ab
399 1390 479 1448 omni
493 1401 575 1452 retro
587 1391 762 1471 antiquitate
774 1389 919 1452 numerati
932 1391 1065 1467 fumant,
1084 1407 1253 1470 praepone-

167 1481 291 1549 rentur,
311 1481 342 1531 et
362 1472 524 1534 secundum
544 1477 683 1557 proficue
704 1500 722 1535 s
741 1496 818 1557 pepe
840 1475 1023 1537 auctoritatis
1038 1473 1253 1534 ecclesiasticae

167 1555 294 1634 gradum
310 1556 492 1621 insisterent.
532 1569 621 1639 atque
640 1558 700 1620 hoc
721 1560 820 1641 ipsum
840 1560 939 1643 palam
959 1560 1059 1641 primo
1078 1568 1252 1639 peterenou

167 1639 233 1699 ausi
246 1649 363 1700 tantum
379 1654 602 1723 expugnarunt,
623 1664 709 1705 suum
722 1644 803 1704 necti
818 1652 934 1725 tempus
945 1664 1007 1725 quo
1020 1649 1084 1702 erat
1099 1643 1253 1702 Constan-

165 1724 325 1805 tinopolim
345 1746 425 1787 anno
448 1725 558 1787 Christi
574 1732 634 1795 881
657 1728 789 1809 synodus
811 1738 936 1805 coacta,
963 1736 1001 1788 ut
1012 1728 1048 1786 ab
1062 1745 1096 1786 ea
1110 1726 1253 1786 decerne-

164 1817 272 1870 rentur
282 1808 347 1870 sedi
361 1810 707 1893 Constantinopolitanae
720 1809 757 1876 erl
770 1815 910 1895 πρεσβεῖα
920 1814 976 1894 τῆς
996 1814 1093 1893 τιμῆς.
1132 1810 1165 1869 id
1178 1810 1254 1868 uni·

163 1894 274 1955 vereim
288 1903 318 1956 et
329 1895 463 1974 ambigue
475 1896 589 1956 (lictum
601 1917 669 1956 oum
683 1897 773 1977 longo
789 1906 922 1980 tempore
935 1916 1022 1958 nemo
1035 1903 1169 1976 putasset
1181 1913 1253 1974 per-

162 1977 259 2039 tinere
274 1978 313 2039 ad
325 1979 548 2059 abrogationem
571 1981 693 2047 Nicaeni
712 1980 851 2061 canonia,
877 2002 935 2063 quo
953 1990 1034 2055 eret,
1061 1988 1096 2038 ut
1109 1978 1252 2057 diximus,

162 2062 310 2124 secundus
325 2073 354 2124 et
367 2065 473 2125 tertias
487 2087 503 2125 a
518 2066 650 2126 Romana
661 2066 731 2127 aede
743 2066 893 2144 dignitatis
905 2067 989 2126 locus
1001 2062 1205 2124 Alexandrino
1220 2071 1251 2122 et

161 2146 348 2209 Antiocheno
360 2147 477 2227 thronis
488 2149 547 2209 rite
563 2151 702 2225 concitus,
722 2149 840 2211 tandem
849 2151 881 2211 in
897 2148 1130 2210 Chalcedonensi
1144 2166 1250 2223 magna

160 2232 277 2313 synodo
296 2234 452 2295 anatolius
467 2233 815 2314 Constantinopolitanae
826 2233 995 2317 patriarcba
1008 2253 1115 2310 magno
1134 2230 1249 2290 ambitu

160 2317 310 2394 obtinuit,
330 2318 443 2379 frustra
458 2319 687 2381 reclamantibus
707 2319 785 2381 sedis
804 2319 984 2400 apostolicae
993 2316 1114 2395 legatis,
1134 2325 1171 2374 ut
1184 2323 1248 2375 sta-

159 2411 293 2462 tueretur
306 2401 653 2485 Conatantinopolitanae
665 2403 728 2464 sedi
739 2404 867 2484 primum
883 2412 952 2484 post
968 2401 1131 2461 Romanam
1144 2399 1248 2460 locum

158 2507 223 2547 esse
235 2485 437 2549 tribuendum.
479 2509 537 2567 qua
555 2487 592 2551 de
605 2510 639 2551 re
657 2490 752 2550 iactos
767 2488 877 2549 certior
895 2489 926 2549 S.
945 2487 1004 2546 Leo
1019 2493 1095 2546 tunc
1107 2483 1247 2566 pontifex

156 2570 309 2631 Romanus
330 2571 569 2654 intempestivam
590 2572 780 2635 ambitionem
801 2571 884 2632 baud
900 2569 1106 2652 perfunctorie
1119 2568 1244 2646 retudit,

155 2656 275 2739 seriptis
296 2655 337 2718 ed
358 2657 528 2718 Anatolium
549 2656 660 2735 literis,
686 2656 793 2738 quibus
809 2658 854 2717 sic
874 2656 962 2717 illum
985 2655 1130 2736 increpat.
1172 2662 1247 2733 post

155 2741 214 2801 illa
230 2744 336 2822 itaque
348 2741 552 2803 ordinationis
566 2754 639 2803 tuae
651 2762 713 2803 non
727 2743 890 2823 inculpata
897 2742 1054 2823 principia
1059 2782 1069 2815 ,
1084 2745 1159 2820 poet
1175 2757 1244 2796 con·

154 2829 350 2887 cenationem
364 2828 549 2893 Antiocheni
567 2829 716 2910 epiceopi,
739 2847 834 2908 quam
853 2826 970 2885 tibimet
990 2833 1098 2882 contra
1113 2823 1244 2879 canon&

155 2932 224 2970 cam
240 2912 382 2993 regulam
400 2912 580 2988 vindicant,
602 2910 687 2973 doleo
711 2915 804 2969 etiam
821 2913 855 2971 in
871 2910 930 2970 loo
951 2906 1140 2967 dilectionem
1154 2914 1242 2962 taam

154 2998 401 3077 eeaeprolapeam
417 2999 688 3057 naamaniticae
705 2996 910 3055 macenorum
926 3010 1078 3053 canonum
1091 2990 1243 3047 conutitu-

154 3082 250 3141 tionee
262 3085 415 3141 conareris
427 3084 607 3160 infringere,
629 3090 779 3159 tanquam
798 3089 964 3161 opportune
980 3097 1012 3135 ee
1025 3073 1083 3132 tibi
1095 3072 1153 3132 lsoc
1167 3083 1242 3132 uns·

149 3185 210 3244 pue
224 3166 366 3225 obtulerit
378 3186 438 3246 quo
450 3160 576 3223 aecundi
588 3162 713 3220 honoria
718 3164 917 3244 privilegium
929 3157 1014 3219 sedec
1025 3154 1241 3218 Alexandrino

148 3247 317 3328 perdiderit
332 3260 361 3308 et
372 3248 563 3307 Antiocheno
576 3246 701 3304 eccleeia
717 3248 936 3327 proprietatem
950 3245 1058 3302 tertiae
1075 3240 1240 3322 dignitatis

153 3337 304 3409 emunit,
324 3343 359 3392 ut
370 3331 421 3389 bie
433 3331 507 3389 iocia
520 3331 586 3390 iuri
595 3350 651 3389 aaa
665 3328 799 3389 subditia
819 3351 917 3388 omner
934 3327 1158 3410 metropolitani
1175 3329 1240 3408 epi-

152 3421 236 3498 ecopi
252 3418 382 3497 proprio
397 3414 508 3477 bonore
520 3417 693 3497 priventur.
734 3414 847 3497 quibus
864 3411 1019 3475 inauditis
1032 3424 1061 3473 et
1079 3432 1238 3494 nunquam

152 3512 221 3561 ante
244 3503 369 3559 tentatie
388 3503 435 3559 ita
453 3502 644 3584 praevenirie
662 3499 828 3561 amadus
837 3547 847 3577 ,
869 3511 905 3559 at
925 3510 1065 3559 eandam
1078 3496 1236 3578 eynodum

153 3583 198 3646 ad
218 3584 452 3667 extinguendam
474 3588 575 3647 aulum
598 3586 746 3644 haereaim
770 3595 798 3643 et
821 3581 868 3642 ad
886 3585 1140 3665 confirmationem
1157 3579 1239 3661 fidei

155 3670 328 3735 Catholicae
347 3669 453 3731 etadio
483 3671 740 3732 Chriatianieeimi
762 3671 915 3751 principie
939 3679 1172 3751 congregatam,
1199 3666 1235 3722 itt

151 3759 334 3817 occasionem
356 3756 493 3818 ambitae
510 3755 635 3834 trabae,
662 3766 690 3814 et
708 3766 745 3815 ut
764 3756 984 3815 connimntiam
1005 3774 1095 3813 raam
1112 3749 1170 3808 tibi
1183 3744 1234 3806 det

150 3842 303 3922 impellas,
325 3853 473 3924 tanquam
484 3842 615 3920 refutari
625 3849 753 3922 nequeat
765 3837 851 3922 quod
860 3840 966 3900 illicite
979 3837 1108 3897 voluerit
1122 3832 1234 3891 multi-

151 3925 240 4008 tudo,
263 3939 291 3987 et
305 3928 364 3987 illa
375 3930 580 3988 Nicaenorum
598 3946 748 3987 catonum
764 3944 820 4007 per
840 3927 991 4007 sipiritum
1005 3928 1071 3979 vete
1085 3921 1251 3995 Sanctum·

152 4010 293 4074 ordinata
304 4010 437 4073 carcinio
458 4014 493 4073 in
512 4012 620 4092 aliqua
636 4032 773 4092 utiquam
786 4014 828 4070 sit
836 4005 1076 4091 potentabitis
1087 4012 1142 4063 etc.
1164 4018 1232 4082 per·

150 4096 190 4177 git
202 4098 281 4157 enim
295 4098 338 4157 ibi
360 4099 426 4158 luae
445 4099 474 4162 S.
493 4097 630 4178 pontifex
650 4094 719 4178 pari
732 4098 874 4176 gravina
886 4112 981 4176 prave
993 4095 1165 4151 attentatam
1183 4105 1231 4145 oe·

150 4182 254 4262 stipare
268 4184 440 4246 novitatem.
482 4203 519 4244 so
531 4181 671 4265 quoniam
682 4180 837 4253 Anatolius
848 4179 905 4240 sibi
923 4180 1071 4239 serentem
1084 4174 1231 4232 Constan-

150 4267 339 4350 tinopolitani
358 4289 450 4353 snpra
473 4267 627 4330 memorati
647 4266 771 4327 canonis
788 4262 1061 4345 interpretationem
1079 4252 1230 4318 ambitioni
