2934 4838
298 335 376 407 716
599 329 836 408 OBSERVAT.
856 328 1094 405 tetum,

298 501 333 563 in
350 496 484 563 exmeitn
503 497 656 577 mano,
682 498 718 558 in
738 517 801 579 qno
824 496 964 563 menno·
987 496 1044 563 ιώ
1063 496 1257 580 imperator·
1275 494 1397 561 dumio

298 587 392 650 Paulo
409 583 574 664 militabat,
610 584 756 646 oouoiona
776 582 878 644 hebita
894 603 966 644 enea
977 584 1019 645 ad
1029 603 1169 665 pugnam
1183 583 1334 645 inatrnxit
1344 586 1394 645 de·

299 671 419 750 euitqne
432 689 536 730 caueae
546 669 707 753 eolipoiunr
719 678 750 730 et
763 678 861 730 entoo
873 677 998 730 nonina
1014 668 1078 730 ania
1086 669 1286 750 tempor-ibn
1296 689 1393 729 nenn-

295 757 409 839 earioe,
429 765 493 815 tam
512 755 594 816 seliei
615 763 725 815 eventu
743 763 781 815 ut
792 753 830 814 eb
842 752 886 814 eia
904 753 1062 814 abatulorit
1072 773 1197 815 vanum
1210 755 1300 815 illo·
1312 756 1390 815 tina·

293 861 356 904 rem
377 839 430 920 qui
448 859 488 900 ex
507 843 552 902 rei
568 840 705 901 novitate
723 839 922 900 nmaolentia
941 838 1344 921 ootriwtetignommn,
1361 849 1388 900 et

294 946 364 987 eum
378 924 534 1006 pugnandi
546 925 684 987 ardorem
697 924 810 986 edentia
823 935 854 985 et
869 923 1010 985 vincendi
1023 924 1149 1006 eupidie
1161 924 1265 986 inierit
1273 945 1312 984 er
1329 945 1387 1004 qne

295 1012 387 1093 plene
409 1010 539 1071 victoria
559 1011 697 1072 Romania
715 1010 833 1088 evenit,
863 1029 933 1070 eum
956 1018 1062 1070 uentre
1076 1010 1112 1070 in
1129 1010 1242 1072 euni·
1253 1010 1385 1070 llaoado·

295 1116 370 1157 num
382 1096 500 1157 novitee
515 1105 546 1156 et
559 1095 727 1176 ignorantia
740 1096 847 1156 feeerit
856 1114 906 1156 rea
920 1103 953 1155 nt
965 1114 999 1154 ee
1010 1094 1149 1177 prodigii
1160 1096 1259 1157 instar
1270 1094 1383 1155 taen

296 1189 366 1255 tur,
388 1190 419 1241 et
439 1180 559 1263 eelipeie
574 1182 637 1242 viea
653 1180 819 1245 existimate
832 1180 874 1240 ait
885 1180 1062 1262 praenuntia
1081 1182 1180 1261 fugae
1205 1191 1239 1243 et
1253 1179 1382 1245 tani·-

295 1266 344 1331 nle
359 1266 472 1343 Pereei,
494 1286 583 1347 quam
598 1266 791 1327 Macedoniae
802 1265 900 1326 cladeo
912 1273 959 1327 eat
970 1277 1146 1329 uuuoecutn.

380 1367 427 1428 Ita
446 1387 542 1448 nuper
558 1367 792 1449 Christophorue
809 1368 970 1429 columbus
984 1388 1064 1431 anno
1085 1367 1210 1437 Clrrieti
1226 1372 1379 1447 manu

295 1452 504 1517 alimentorum
518 1453 620 1534 inopia
632 1455 796 1531 laboraret,
819 1474 875 1515 nee
891 1462 1019 1536 poreete
1033 1453 1296 1534 lumaieenaileua,
1315 1453 1380 1535 apel

295 1558 371 1618 quoe
393 1536 495 1599 elaaeie
514 1538 664 1620 lliepanr,
690 1540 739 1600 eui
759 1547 913 1621 praeerat,
941 1539 1116 1619 appulerat,
1148 1539 1184 1602 vi
1207 1550 1243 1600 et
1263 1540 1380 1624 proult

293 1621 442 1683 auxilium
455 1622 634 1706 impetrare,
654 1643 725 1685 uene
740 1632 787 1684 eat
808 1624 930 1685 eeientia
944 1624 1101 1705 proximae
1119 1626 1271 1708 eeiipaia,
1292 1625 1379 1687 etiar-

295 1707 374 1768 berie
392 1708 455 1768 eiua
468 1707 577 1785 ignatio
589 1720 701 1791 peetem
713 1708 951 1791 impendentem,
971 1709 1030 1769 niei
1042 1729 1132 1790 epm
1146 1712 1283 1789 iurent,
1301 1710 1379 1771 mine

293 1802 344 1853 tue
358 1793 436 1853 diem
448 1802 478 1853 et
491 1795 595 1856 horam
607 1794 781 1855 delectionie
794 1795 884 1855 lunae
897 1794 1011 1869 edixit,
1032 1814 1093 1872 quo
1105 1795 1157 1855 illi
1166 1797 1313 1877 prndigio
1326 1815 1379 1876 pn*

294 1878 370 1938 euloi
391 1887 421 1938 et
439 1882 560 1958 previam
574 1878 689 1961 aliquid
706 1889 871 1939 metuente·
879 1879 918 1938 ad
933 1878 1114 1939 columbum
1128 1882 1225 1961 quani
1241 1903 1298 1943 eun
1311 1880 1380 1941 ‘uln-

292 1961 439 2023 monitate
448 1964 592 2025 offensum
604 1964 725 2045 eopioeo
735 1965 874 2026 iuetructi
886 1973 1053 2024 conuneatu
1065 1966 1231 2047 eupplioee
1243 1973 1378 2043 munt,

292 2057 323 2109 et
340 2048 459 2111 vaniem
470 2050 589 2112 iauiliue
606 2070 695 2131 quem
706 2049 867 2130 eperebent
878 2069 932 2110 aua
944 2048 1125 2134 liberalitate
1137 2050 1346 2134 impetrarunt

184 2174 207 2228 P
221 2173 277 2231 5oe
375 2168 422 2229 Ita
433 2169 576 2231 Claudiae
592 2169 771 2251 imperator,
791 2177 827 2229 ut
839 2167 929 2229 habet
941 2168 998 2230 llio
1010 2169 1033 2236 L
1045 2170 1077 2245 6,
1097 2189 1171 2231 eum
1183 2181 1337 2233 vunnim
1346 2189 1378 2230 ea

289 2253 363 2317 ooli·
376 2253 506 2317 delectio
521 2257 625 2317 future
637 2254 687 2317 die
699 2275 755 2316 auo
767 2253 859 2315 netali
873 2274 951 2314 anno
964 2252 1083 2337 imperii
1101 2256 1217 2335 quinto
1230 2257 1377 2317 tumultun

288 2337 402 2399 Romae
426 2351 546 2420 pareret
568 2359 607 2402 ex
628 2341 797 2420 ignorantie
814 2350 846 2401 et
863 2338 998 2401 novitete
1019 2340 1127 2399 iuncta
1144 2362 1230 2403 vano
1252 2342 1377 2403 ainerio

288 2422 426 2501 opinioni
436 2425 538 2503 vulgi,
559 2426 643 2506 quod
657 2445 692 2487 ea
703 2426 789 2506 aiqna
798 2433 896 2487 ment
904 2424 1092 2507 principibue
1102 2424 1252 2505 inlausta,
1268 2426 1374 2507 polline

285 2506 387 2569 edicto
404 2520 514 2570 notum
535 2511 632 2573 voluit
653 2520 722 2571 ente
740 2512 855 2589 aliquot
871 2509 934 2572 dieo
952 2509 1120 2591 deliquium
1143 2513 1224 2574 illud
1242 2514 1370 2585 tunm,

285 2589 411 2672 inauper
423 2602 455 2654 et
469 2613 572 2655 caueae
592 2594 671 2668 eiua,
698 2596 895 2675 quantitatem
918 2603 948 2657 et
959 2594 1154 2661 durationem
1172 2595 1300 2677 exponit
1313 2603 1372 2653 tam

286 2675 426 2739 distincte
439 2688 469 2739 et
480 2677 725 2758 intelligibiliter,
746 2689 783 2739 ut
795 2699 831 2741 eo
844 2679 911 2742 vieo
920 2700 1009 2741 nemo
1022 2679 1147 2743 unieret
1157 2693 1208 2744 ant
1215 2680 1372 2753 nuaram,

288 2782 393 2827 omnen
406 2763 594 2846 impereton'e
609 2762 785 2846 replentium
797 2774 1024 2827 venerarentur.
1081 2800 1085 2811 .

373 2867 454 2930 xlv.
494 2866 627 2929 Tollitur
640 2875 795 2949 praeterea
813 2866 911 2929 inania
928 2867 983 2928 illa
1003 2866 1128 2948 opinio,
1158 2865 1230 2949 qued
1249 2865 1374 2946 σῶμα

289 2952 356 3012 orbi
370 2961 513 3032 nunaut,
534 2952 617 3032 quod
633 2952 733 3014 oladea
748 2960 845 3035 penten
859 2962 889 3014 et
899 2953 978 3014 bella
991 2953 1093 3033 requio
1102 2953 1280 3034 importent,
1299 2950 1376 3032 quod

290 3039 463 3100 vertitatem
485 3048 515 3100 et
533 3039 740 3101 rubuereionea
758 3038 950 3119 imperiorum
970 3058 1007 3098 ae
1017 3037 1175 3117 religioni·
1186 3037 1240 3101 tel
1254 3037 1377 3099 effioaae

288 3123 341 3182 vel
358 3126 579 3202 praenuntient
621 3125 762 3186 damnum
781 3124 862 3187 enim
883 3123 1096 3204 quodcumque
1115 3134 1197 3184 neat
1212 3123 1336 3204 eelipoio
1349 3121 1379 3182 in

84 3250 92 3267 .
219 3280 222 3283 Ι
289 3207 410 3267 modice
428 3210 543 3272 iaeture
561 3209 638 3271 lunia
658 3221 689 3272 et
703 3209 829 3273 benefici
840 3209 974 3271 influant
992 3206 1222 3273 maenum
1235 3208 1381 3269 diuturna

289 3292 438 3355 conontit
479 3298 549 3377 plne
570 3316 657 3378 aaepe
677 3296 766 3357 unioa
785 3316 849 3357 nox
868 3305 922 3357 aut
940 3294 1002 3357 diua
1021 3293 1143 3376 pluvius
1162 3291 1281 3354 mundo
1305 3293 1381 3354 lucie

288 3376 401 3437 aniene
420 3388 451 3438 et
464 3379 659 3460 benignarum
680 3382 906 3447 induentiuuen
922 3379 1014 3460 eripit
1026 3400 1117 3459 quem
1130 3379 1260 3460 σῶμα
1270 3378 1383 3455 decem,

287 3469 319 3521 et
330 3463 481 3542 eapienter
493 3466 576 3528 vienn
589 3476 634 3528 eet
650 3486 736 3545 egere
756 3466 900 3545 Periclea,
927 3466 1074 3529 referente
1092 3462 1264 3527 Plutarcho
1279 3465 1315 3525 iu
1325 3465 1383 3526 eina

214 3540 218 3555 '
285 3549 366 3624 vite,
389 3548 442 3627 qui
455 3552 541 3610 navir
553 3551 761 3634 imperotoriae
774 3553 1003 3633 gubernatorem
1023 3550 1131 3632 eulipai
1149 3551 1381 3623 altatarium

285 3630 321 3693 in
345 3633 444 3694 medio
463 3634 720 3699 victoriacum
738 3658 838 3700 morea
854 3636 1036 3715 trahentem,
1067 3634 1237 3717 mhnyoo
1252 3637 1383 3707 involvit.

285 3718 524 3799 etiuterroqavit
539 3741 578 3781 an
594 3722 668 3801 quid
687 3743 727 3785 ex
749 3744 784 3785 eo
800 3723 948 3786 velamine
967 3721 1092 3785 nntiru
1106 3720 1321 3801 iuuummodi,
1338 3740 1382 3782 ae·

286 3823 348 3883 que
368 3815 496 3886 negante
510 3806 608 3869 ultum
624 3827 657 3868 ae
674 3809 817 3889 eenneae,
843 3807 947 3877 docuit
964 3807 1082 3871 nullum
1100 3805 1206 3870 meiua
1217 3829 1240 3870 a
1258 3809 1324 3871 aole
1339 3825 1383 3887 pc

284 3888 390 3951 lunam
403 3891 610 3974 intepentem
622 3893 721 3956 relato
733 3894 899 3956 nomem
910 3912 983 3972 ene,
1003 3893 1137 3975 otperto
1151 3893 1291 3973 quiden
1301 3892 1382 3956 nain

284 3993 350 4036 eaae
371 3978 491 4039 coelum
503 3986 534 4039 et
550 3977 756 4045 diuturniorea
775 3981 841 4042 iore
853 3979 1009 4059 tenebrae,
1029 3978 1083 4041 eed
1094 3978 1195 4040 oolam
1211 4001 1286 4043 aron
1297 3979 1382 4041 nolo

282 4068 355 4139 poet
367 4082 421 4123 ouo
435 4063 589 4144 aplenderi
603 4065 668 4126 eine
689 4066 750 4126 alio
766 4064 957 4128 iuoommodo
974 4064 1126 4128 redditum
1137 4063 1199 4141 irie
1220 4066 1316 4147 qnod
1327 4081 1382 4127 o·

282 4143 397 4206 tactum
409 4157 502 4224 eaaet,
521 4168 644 4212 cunum
658 4150 761 4213 eleaeia
775 4151 894 4214 telioem
905 4161 996 4215 nacte
1004 4163 1059 4214 eet.

365 4246 435 4306 Nou
452 4246 495 4308 ita
514 4249 615 4311 Niciae
633 4260 688 4312 ant
707 4251 814 4314 doetua
837 4262 891 4315 aut
909 4254 999 4330 felix,
1029 4251 1082 4334 qui
1097 4251 1146 4314 vel
1163 4245 1381 4334 imper-iliad

281 4328 661 4417 eupentitioneebeolipei
674 4335 909 4420 lnneeterritua,
928 4339 1044 4403 verita·
1059 4338 1184 4401 umen
1197 4333 1381 4420 permoto
