2934 4838
250 280 327 371 rsa
406 376 408 381 Ι
545 278 781 351 omnnrsr.
803 276 1038 349 ramum.

252 448 377 511 alterans
392 443 625 508 comcandsrunt
636 445 799 508 Panaretus
812 452 843 506 et
854 443 1038 515 Bermion
1048 464 1121 507 cum
1137 442 1235 504 donia
1245 443 1346 525 inpe-

250 534 359 596 ratoria
370 532 407 592 ad
419 530 604 613 pontificem,
624 530 659 592 in
672 532 767 592 altera
779 531 840 591 duo
854 530 988 612 episcopi
998 549 1070 591 cum
1081 531 1266 610 Acropolita
1276 531 1342 589 sae-

251 629 332 681 ruut.
373 616 462 676 altum
477 616 645 695 petierunt,
665 616 710 676 ait
726 617 797 677 loco
812 616 932 676 laudato
951 624 1057 675 nostor
1076 635 1103 675 o.
1122 620 1164 681 21
1182 615 1241 681 16
1263 619 1342 695 Κρο-

249 704 318 767 νλον
331 693 496 780 οἷμχομὲνον
507 693 610 782 μηνός.
651 709 697 762 est
708 699 792 761 hand
810 699 899 761 dubia
916 698 1092 780 Pachymeri
1114 691 1251 777 Κρόνιος
1261 699 1343 760 Μιτ-

249 789 325 861 tius,
350 795 442 864 prout
461 794 508 845 ast
525 784 618 845 huius
635 784 657 845 l
676 805 704 847 c.
720 790 739 852 1
753 786 997 847 demonstratum.
1040 784 1143 862 pergit
1151 784 1252 844 dicere
1265 805 1344 845 oon·

247 871 376 931 ssiotatos
392 890 444 930 eoa
465 889 572 949 parum
582 889 727 951 prospera
740 879 914 947 tempestate
929 869 1100 950 pmveoiue
1120 868 1158 927 iu
1172 869 1274 929 sinum
1289 870 1343 929 La-

249 955 403 1030 conicum,
423 954 478 1014 ubi
489 964 535 1016 est
547 954 781 1035 promontorium
794 955 914 1032 hisloae,
933 950 1079 1036 λήγοντος
1088 957 1150 1016 τοῦ
1158 950 1268 1035 reqvie,
1286 952 1342 1013 hoe

137 1102 149 1119 ,
249 1049 294 1100 est
306 1038 411 1098 eodem
427 1059 526 1100 menae
538 1038 703 1116 desinente,
723 1040 827 1099 ultima
841 1040 905 1101 eina
923 1038 1049 1101 decade:
1077 1047 1191 1098 notum
1211 1039 1339 1100 ardu

243 1125 381 1197 Graecos
402 1123 508 1204 partiri
528 1144 642 1185 menses
661 1124 693 1184 in
716 1125 933 1189 tresdecadas.
975 1124 1102 1204 primam
1118 1133 1241 1183 vocant
1255 1118 1335 1206 ἐργο-

250 1206 344 1292 μὲνον
369 1208 433 1270 sira
452 1207 624 1290 ἱσταμένου,
651 1209 810 1277 secundam
833 1212 1010 1290 μεσοῦντος,
1038 1208 1162 1269 tertiam
1176 1210 1335 1289 φθίνοντος

250 1290 332 1373 aiva,
353 1292 450 1353 uthio
462 1303 577 1371 noster,
597 1288 743 1374 λήγοντος
760 1289 860 1375 reqvie.
903 1292 986 1354 addit
1001 1291 1043 1352 lbi
1058 1292 1240 1353 vehementi
1253 1294 1337 1353 iacta·

178 1436 182 1443 .
249 1389 296 1440 tas
304 1378 432 1459 procella
444 1379 579 1439 triremes
592 1379 691 1438 ambas
705 1380 834 1459 primum
846 1379 1015 1439 dissociatos
1028 1378 1061 1438 vi
1073 1379 1160 1439 renti
1175 1380 1282 1457 fuisse,
1295 1378 1338 1438 ds·

250 1463 321 1525 inda
331 1464 451 1523 alteram
464 1463 592 1536 illarum,
613 1484 671 1542 qua
684 1464 844 1524 Panaretus
859 1474 889 1524 et
903 1463 1083 1524 Berrhoeota
1097 1462 1269 1534 vehebant,
1290 1464 1340 1523 mi-

251 1568 318 1608 sera
334 1549 458 1607 fractam
472 1556 501 1608 et
519 1548 716 1628 submersam,
736 1548 824 1609 aliam
841 1549 953 1608 salvam
966 1549 1118 1631 appulisse
1129 1549 1172 1609 ad
1187 1548 1341 1609 hlethonaa

274 1642 388 1710 ortum3
417 1632 509 1714 idque
530 1633 687 1714 contigisse
709 1626 824 1721 πὲμοττγγ
847 1627 976 1720 μεγᾶλγγ,
1005 1631 1125 1693 hooeat
1145 1634 1229 1694 seria
1243 1635 1340 1715 quinta

250 1654 454 1778 hebdomadae
473 1718 608 1795 maioris,
635 1739 693 1799 qua
718 1736 810 1780 coena
829 1719 942 1779 domini
964 1718 1131 1778 celebratur
1152 1718 1193 1777 ab
1211 1720 1340 1781 ecclesis.

252 1822 291 1864 ex
306 1801 354 1862 hia
367 1800 502 1883 oportuit
513 1803 565 1864 ssto
587 1823 664 1864 anno
682 1804 785 1864 feriam
804 1806 937 1884 quintam
950 1802 982 1862 in
996 1824 1088 1863 coena
1100 1802 1224 1865 domini
1247 1825 1340 1865 manat

252 1886 359 1949 Martio
372 1888 478 1964 luisse,
499 1898 529 1948 et
544 1887 662 1969 quidem
676 1889 776 1968 aliquo
789 1889 836 1948 die
849 1887 967 1949 decadis
979 1887 1102 1948 ultimae
1121 1889 1241 1950 mensis
1250 1889 1341 1950 istius.

251 1993 314 2033 non
331 1973 431 2054 potuit
448 1968 499 2032 ille
515 1990 611 2032 anons
630 1992 692 2034 esse
709 1970 783 2034 elius
805 1974 842 2033 nb
863 1993 941 2033 anno
955 1972 1064 2033 Christi
1082 1973 1174 2032 iuxta
1189 1975 1340 2051 vulgarem

250 2076 349 2117 aerum
366 2059 454 2123 1273.
495 2054 683 2119 manifestum
695 2057 755 2119 hoc
770 2069 862 2118 estex
875 2058 949 2120 serie
964 2068 1152 2118 narratarum
1165 2058 1228 2119 hae
1242 2058 1339 2121 histo-

249 2142 294 2203 ria
314 2160 422 2202 rernm.
464 2162 533 2202 nam
553 2144 702 2223 superiori
719 2141 830 2204 Christi
844 2146 927 2209 1272
947 2142 1161 2224 coepitsadere
1178 2144 1338 2223 Gregorius

249 2228 289 2302 X,
306 2226 358 2307 qui
373 2228 487 2308 primus
503 2229 684 2290 mentionem
697 2229 875 2289 concordiae
885 2228 1042 2306 intulerat,
1061 2237 1226 2310 postquam
1239 2230 1274 2287 in
1286 2230 1339 2309 sy.

249 2311 296 2372 ria
311 2311 439 2371 electum
454 2332 485 2372 ae
499 2315 676 2374 absentema
691 2313 896 2375 cardinalibus
908 2313 1056 2393 cognovit.
1097 2313 1209 2374 deinde
1218 2315 1277 2374 iarn
1290 2334 1340 2374 co·

248 2405 373 2455 ronatua
394 2396 506 2475 legatos
522 2398 811 2482 Constantinopolim
826 2399 864 2459 ad
882 2399 916 2459 id
932 2397 1081 2480 negotium
1097 2398 1264 2477 urgendum
1277 2398 1334 2457 nri-

247 2488 334 2538 ssrat
376 2477 408 2537 hi
422 2489 543 2542 strenue
561 2504 625 2544 rom
647 2495 785 2563 egerunt,
806 2503 863 2566 pro
886 2484 967 2544 virili
984 2483 1119 2562 Augusto
1140 2492 1327 2563 ooopnanta3

249 2581 325 2641 quse
346 2563 521 2624 reseruntur
542 2562 602 2625 hoc
622 2567 701 2628 libro
721 2590 737 2628 a
759 2590 785 2631 c.
807 2575 844 2635 11
866 2569 905 2629 ad
927 2573 975 2633 17.
1023 2567 1099 2629 haec
1122 2588 1224 2628 annum
1239 2567 1328 2625 facile

250 2646 385 2727 Gregorii
403 2652 431 2726 1,
446 2646 557 2708 Christi
574 2653 882 2733 1272,expleverunt.
910 2651 1331 2734 dispositiantcunqueomni-

249 2733 307 2793 hus
326 2752 365 2793 ex
382 2742 467 2813 purte
490 2734 670 2794 Graecorum
692 2737 775 2797 missi
795 2749 869 2799 sunt
887 2738 990 2819 legati,
1018 2737 1057 2799 de
1082 2739 1186 2820 quibua
1207 2736 1333 2815 agimur,

251 2820 330 2879 circa
350 2818 469 2879 initium
484 2818 571 2897 anni,
593 2820 729 2901 Gregorii
749 2822 944 2884 Pontificatua
957 2822 1096 2901 secundi,
1119 2822 1225 2884 Christi
1239 2824 1336 2888 tutu

250 2924 307 2963 nco
330 2904 445 2965 tardius
469 2914 647 2986 potuerunt:
675 2904 785 2988 alioqui
813 2909 986 2989 Gregorium
1004 2929 1068 2968 non
1089 2907 1341 2991 raperisamtiio·

253 3008 338 3064 mae,
361 2988 412 3068 qui
425 2988 484 3050 hoc
504 3008 582 3050 anno
596 2990 667 3051 inde
688 2992 823 3054 discessit
837 3012 940 3054 versus
958 2993 1106 3073 Galliam,
1125 3004 1162 3054 ut
1181 2993 1344 3054 ibiconci-

252 3071 326 3132 lium
348 3075 570 3135 oecumenicum
595 3076 728 3155 Lugduni
754 3078 924 3141 celebraret.
965 3077 1101 3141 habitum
1120 3079 1151 3139 id
1174 3080 1344 3139 concilium

148 3162 171 3218 P
188 3160 239 3216 619
256 3166 301 3216 eat
313 3174 392 3216 anno
409 3161 542 3240 sequenti
554 3159 664 3243 Christi
682 3164 772 3240 1274,
794 3165 1021 3243 praesentoillic
1033 3163 1187 3246 pontifice,
1209 3163 1344 3242 etlega-

250 3240 290 3301 tia
310 3242 495 3305 Graecorum
515 3246 575 3305 ism
594 3267 663 3306 curn
688 3249 813 3308 ecclesia
833 3250 965 3309 Romana
985 3250 1209 3310 conciliatorum
1221 3247 1343 3309 ibidem

148 3388 151 3395 ,
252 3329 500 3406 comparentibus
543 3351 619 3409 quae
634 3333 804 3394 conciliatio
824 3355 892 3395 cum
910 3356 964 3416 per
985 3334 1066 3395 hanc
1086 3334 1256 3414 legationem
1268 3354 1345 3413 per-

250 3421 365 3492 petrata
379 3411 489 3483 suerit,
510 3416 632 3477 arideus
644 3426 691 3480 eat
702 3439 767 3479 esna
777 3420 862 3500 priua
880 3420 988 3481 obitam
1002 3419 1241 3481 etrennntiataan
1255 3421 1346 3479 Con·

249 3496 445 3575 stantinopoli
469 3499 562 3561 fuisse
593 3523 681 3582 quam
707 3524 790 3564 sacra
815 3505 948 3586 synodus
972 3505 1112 3582 Lugduni
1135 3504 1349 3570 inchoaretur.

250 3581 376 3660 quadret
389 3590 489 3642 autem
504 3586 595 3646 unico
607 3588 646 3647 ad
663 3586 721 3648 hoc
735 3589 834 3672 ipsum
854 3588 1007 3655 character
1021 3590 1081 3651 hoc
1101 3590 1169 3650 loco
1189 3590 1350 3651 indicatus

249 3667 342 3726 seriae
362 3665 482 3746 quintae
501 3671 621 3731 maioris
638 3671 841 3737 hebdomadae
856 3675 1019 3736 incidentis
1040 3675 1074 3736 in
1096 3685 1266 3756 postremos
1280 3676 1350 3737 dies

249 3753 372 3826 Martii,
401 3750 549 3833 siquidem
570 3752 621 3815 hic
648 3778 744 3819 onnus
769 3759 877 3821 Christi
906 3764 986 3829 1273
1013 3760 1072 3821 suit
1094 3759 1215 3840 periodi
1246 3760 1351 3825 lulia-

249 3857 305 3896 nae
326 3837 427 3912 5986,
456 3838 575 3918 cyclum
598 3841 671 3901 solia
693 3843 805 3906 habens
831 3851 891 3921 22,
918 3846 1037 3924 cyclum
1067 3866 1139 3907 vero
1165 3845 1258 3906 lunae
1279 3848 1350 3908 aiva

248 3941 371 3981 aureum
391 3942 546 3985 numerum
564 3931 600 4003 2,
623 3927 741 3990 literam
764 3930 970 3993 dominicalem
994 3933 1036 4004 Δ,
1065 3950 1141 4011 quae
1162 3940 1257 3993 notae
1285 3933 1351 3992 Pa-

247 4005 317 4065 scha
330 4007 410 4067 illius
431 4010 502 4068 anni
523 4009 657 4089 deligunt
680 4014 712 4073 in
729 4020 770 4083 26
791 4016 899 4078 Martii.
938 4015 997 4076 fuit
1012 4036 1081 4094 ergo
1095 4015 1168 4076 foris
1185 4016 1298 4095 quinta
1311 4017 1350 4076 in

247 4110 339 4150 coena
357 4093 469 4152 domini
495 4093 543 4155 die
562 4101 602 4163 28
623 4097 724 4158 Martii
751 4100 895 4167 eiusdem.
940 4120 1029 4180 quare
1057 4120 1156 4181 veter¹
1176 4110 1206 4160 et
1233 4112 1350 4161 exacta

244 4174 480 4314 ¹qoqrohenditur
500 4177 640 4242 instorici
665 4186 797 4251 narratio
815 4196 851 4255 ,et
875 4185 1068 4266 chronnogia
1090 4194 1194 4251 nostra
1223 4186 1375 4273 confirffi

276 4275 293 4312 a
309 4275 354 4317 nr.
