<?xml version="1.0" encoding="UTF-8"?>
<!DOCTYPE html PUBLIC "-//W3C//DTD XHTML 1.0 Transitional//EN"
    "http://www.w3.org/TR/xhtml1/DTD/xhtml1-transitional.dtd">
<html xmlns="http://www.w3.org/1999/xhtml" xml:lang="en" lang="en">
 <head>
  <title>
</title>
<meta http-equiv="Content-Type" content="text/html;charset=utf-8" />
  <meta name='ocr-system' content='tesseract 3.04.00' />
  <meta name='ocr-capabilities' content='ocr_page ocr_carea ocr_par ocr_line ocrx_word'/>
</head>
<body>
  <div class='ocr_page' id='page_1' title='image "./corpusscriptoru05berlgoog_0755.png"; bbox 0 0 2934 4838; ppageno 0'>
   <div class='ocr_carea' id='block_1_1' title="bbox 234 296 1029 372">
    <p class='ocr_par' dir='ltr' id='par_1_1' title="bbox 234 296 1029 372">
     <span class='ocr_line' id='line_1_1' title="bbox 234 296 1029 372; baseline -0.006 -1"><span class='ocrx_word' id='word_1_1' title='bbox 234 296 309 372; x_wconf 81' lang='lat'><strong>764</strong></span> <span class='ocrx_word' id='word_1_2' title='bbox 540 297 771 370; x_wconf 75' lang='lat' dir='ltr'><strong>ossettvsr.</strong></span> <span class='ocrx_word' id='word_1_3' title='bbox 795 296 1029 366; x_wconf 72' lang='lat' dir='ltr'><strong>Ptcfltstmt</strong></span> 
     </span>
    </p>
   </div>
   <div class='ocr_carea' id='block_1_2' title="bbox 228 460 1322 2074">
    <p class='ocr_par' dir='ltr' id='par_1_2' title="bbox 228 460 1322 799">
     <span class='ocr_line' id='line_1_2' title="bbox 238 460 1322 547; baseline 0 -21"><span class='ocrx_word' id='word_1_4' title='bbox 238 462 299 507; x_wconf 62' lang='grc' dir='ltr'><strong>Μ’</strong></span> <span class='ocrx_word' id='word_1_5' title='bbox 334 460 446 506; x_wconf 56' lang='lat' dir='ltr'><strong>”Mt</strong></span> <span class='ocrx_word' id='word_1_6' title='bbox 468 461 521 519; x_wconf 63' lang='lat'><strong>¹¹¹⁹·</strong></span> <span class='ocrx_word' id='word_1_7' title='bbox 546 463 585 526; x_wconf 76' lang='lat'><strong>⁰!-</strong></span> <span class='ocrx_word' id='word_1_8' title='bbox 621 462 800 527; x_wconf 82' lang='lat' dir='ltr'><strong>Novembris</strong></span> <span class='ocrx_word' id='word_1_9' title='bbox 816 462 978 531; x_wconf 78' lang='lat' dir='ltr'><strong>enni1277</strong></span> <span class='ocrx_word' id='word_1_10' title='bbox 993 471 1134 525; x_wconf 72' lang='lat' dir='ltr'><strong>meatum</strong></span> <span class='ocrx_word' id='word_1_11' title='bbox 1153 464 1322 547; x_wconf 74' lang='lat' dir='ltr'><strong>tuiueper-</strong></span> 
     </span>
     <span class='ocr_line' id='line_1_3' title="bbox 241 511 1320 631; baseline 0.001 -23"><span class='ocrx_word' id='word_1_12' title='bbox 241 513 296 559; x_wconf 53' lang='grc' dir='ltr'><strong>ω’</strong></span> <span class='ocrx_word' id='word_1_13' title='bbox 328 516 448 609; x_wconf 54' lang='lat' dir='ltr'><strong>iiiiiitil</strong></span> <span class='ocrx_word' id='word_1_14' title='bbox 465 511 586 609; x_wconf 51' lang='lat' dir='ltr'><strong>iiiiii?</strong></span> <span class='ocrx_word' id='word_1_15' title='bbox 620 552 753 625; x_wconf 84' lang='lat' dir='ltr'><strong>tifioem,</strong></span> <span class='ocrx_word' id='word_1_16' title='bbox 786 547 949 627; x_wconf 71' lang='lat' dir='ltr'>sedisseque</span> <span class='ocrx_word' id='word_1_17' title='bbox 972 549 1046 608; x_wconf 84' lang='lat' dir='ltr'><strong>inde</strong></span> <span class='ocrx_word' id='word_1_18' title='bbox 1076 570 1178 609; x_wconf 76' lang='lat' dir='ltr'><strong>annos</strong></span> <span class='ocrx_word' id='word_1_19' title='bbox 1205 555 1320 631; x_wconf 80' lang='lat' dir='ltr'><strong>integros</strong></span> 
     </span>
     <span class='ocr_line' id='line_1_4' title="bbox 228 624 1321 714; baseline 0.008 -26"><span class='ocrx_word' id='word_1_20' title='bbox 228 624 310 689; x_wconf 78' lang='lat'><strong>1279</strong></span> <span class='ocrx_word' id='word_1_21' title='bbox 382 628 401 687; x_wconf 75' lang='grc'><em>3</em></span> <span class='ocrx_word' id='word_1_22' title='bbox 505 624 547 686; x_wconf 76' lang='lat'><strong>20</strong></span> <span class='ocrx_word' id='word_1_23' title='bbox 624 637 701 696; x_wconf 84' lang='lat' dir='ltr'><strong>duos</strong></span> <span class='ocrx_word' id='word_1_24' title='bbox 718 653 874 695; x_wconf 75' lang='lat' dir='ltr'><strong>romenses</strong></span> <span class='ocrx_word' id='word_1_25' title='bbox 893 642 1048 714; x_wconf 78' lang='lat' dir='ltr'><strong>prestares</strong></span> <span class='ocrx_word' id='word_1_26' title='bbox 1061 654 1196 709; x_wconf 85' lang='lat' dir='ltr'><strong>novem,</strong></span> <span class='ocrx_word' id='word_1_27' title='bbox 1213 635 1321 697; x_wconf 80' lang='lat' dir='ltr'><strong>bocest</strong></span> 
     </span>
     <span class='ocr_line' id='line_1_5' title="bbox 623 717 1320 799; baseline 0.003 -19"><span class='ocrx_word' id='word_1_28' title='bbox 623 719 769 799; x_wconf 82' lang='lat' dir='ltr'><strong>usquead</strong></span> <span class='ocrx_word' id='word_1_29' title='bbox 787 738 914 779; x_wconf 84' lang='lat' dir='ltr'><strong>mensem</strong></span> <span class='ocrx_word' id='word_1_30' title='bbox 929 717 1100 799; x_wconf 78' lang='lat' dir='ltr'><strong>Augustum</strong></span> <span class='ocrx_word' id='word_1_31' title='bbox 1114 721 1190 779; x_wconf 85' lang='lat' dir='ltr'><strong>anni</strong></span> <span class='ocrx_word' id='word_1_32' title='bbox 1203 740 1320 799; x_wconf 71' lang='lat' dir='ltr'><strong>aequm-</strong></span> 
     </span>
    </p>

    <p class='ocr_par' dir='ltr' id='par_1_3' title="bbox 624 806 1318 886">
     <span class='ocr_line' id='line_1_6' title="bbox 624 806 1318 886; baseline 0.003 -21"><span class='ocrx_word' id='word_1_33' title='bbox 624 806 664 865; x_wconf 86' lang='lat' dir='ltr'><strong>tis</strong></span> <span class='ocrx_word' id='word_1_34' title='bbox 679 808 769 879; x_wconf 77' lang='lat'><strong>1280,</strong></span> <span class='ocrx_word' id='word_1_35' title='bbox 785 824 844 882; x_wconf 90' lang='lat' dir='ltr'><strong>quo</strong></span> <span class='ocrx_word' id='word_1_36' title='bbox 860 812 906 862; x_wconf 87' lang='lat' dir='ltr'><strong>est</strong></span> <span class='ocrx_word' id='word_1_37' title='bbox 923 813 1070 865; x_wconf 89' lang='lat' dir='ltr'><strong>mortuus.</strong></span> <span class='ocrx_word' id='word_1_38' title='bbox 1106 806 1248 886; x_wconf 75' lang='lat' dir='ltr'><strong>suspirari</strong></span> <span class='ocrx_word' id='word_1_39' title='bbox 1258 827 1318 867; x_wconf 85' lang='lat' dir='ltr'><strong>noe</strong></span> 
     </span>
    </p>

    <p class='ocr_par' dir='ltr' id='par_1_4' title="bbox 624 888 1314 950">
     <span class='ocr_line' id='line_1_7' title="bbox 624 888 1314 950; baseline 0 0"><span class='ocrx_word' id='word_1_40' title='bbox 624 891 694 950; x_wconf 86' lang='lat' dir='ltr'><strong>licet</strong></span> <span class='ocrx_word' id='word_1_41' title='bbox 712 889 853 948; x_wconf 80' lang='lat' dir='ltr'><strong>mendum</strong></span> <span class='ocrx_word' id='word_1_42' title='bbox 873 888 1002 948; x_wconf 80' lang='lat' dir='ltr'><strong>librarii:</strong></span> <span class='ocrx_word' id='word_1_43' title='bbox 1027 909 1100 949; x_wconf 84' lang='lat' dir='ltr'><strong>nem</strong></span> <span class='ocrx_word' id='word_1_44' title='bbox 1117 891 1152 950; x_wconf 83' lang='lat' dir='ltr'><strong>in</strong></span> <span class='ocrx_word' id='word_1_45' title='bbox 1164 910 1225 949; x_wconf 86' lang='lat' dir='ltr'><strong>maa</strong></span> <span class='ocrx_word' id='word_1_46' title='bbox 1241 891 1314 949; x_wconf 75' lang='lat' dir='ltr'><strong>eodi-</strong></span> 
     </span>
    </p>

    <p class='ocr_par' dir='ltr' id='par_1_5' title="bbox 624 970 1309 1057">
     <span class='ocr_line' id='line_1_8' title="bbox 624 970 1309 1057; baseline 0.006 -23"><span class='ocrx_word' id='word_1_47' title='bbox 624 975 704 1034; x_wconf 88' lang='lat' dir='ltr'><strong>cibua</strong></span> <span class='ocrx_word' id='word_1_48' title='bbox 723 974 842 1054; x_wconf 87' lang='lat' dir='ltr'><strong>optimis</strong></span> <span class='ocrx_word' id='word_1_49' title='bbox 862 973 1019 1033; x_wconf 82' lang='lat' dir='ltr'><strong>clarissima</strong></span> <span class='ocrx_word' id='word_1_50' title='bbox 1031 974 1144 1053; x_wconf 80' lang='lat' dir='ltr'><strong>legitur</strong></span> <span class='ocrx_word' id='word_1_51' title='bbox 1167 970 1309 1057; x_wconf 66' lang='grc' dir='ltr'><strong><em>Οὗρβᾶης</em></strong></span> 
     </span>
    </p>

    <p class='ocr_par' dir='ltr' id='par_1_6' title="bbox 624 1052 1311 1138">
     <span class='ocr_line' id='line_1_9' title="bbox 624 1052 1311 1138; baseline -0.003 -16"><span class='ocrx_word' id='word_1_52' title='bbox 624 1057 657 1123; x_wconf 71' lang='grc' dir='ltr'><strong>δὲ</strong></span> <span class='ocrx_word' id='word_1_53' title='bbox 673 1052 736 1122; x_wconf 74' lang='grc' dir='ltr'><strong>τότ’</strong></span> <span class='ocrx_word' id='word_1_54' title='bbox 759 1052 810 1138; x_wconf 77' lang='grc' dir='ltr'><strong>ἦν.</strong></span> <span class='ocrx_word' id='word_1_55' title='bbox 854 1058 991 1118; x_wconf 83' lang='lat' dir='ltr'><strong>existimo</strong></span> <span class='ocrx_word' id='word_1_56' title='bbox 1013 1077 1082 1138; x_wconf 82' lang='lat' dir='ltr'><strong>ergo</strong></span> <span class='ocrx_word' id='word_1_57' title='bbox 1103 1079 1243 1120; x_wconf 83' lang='lat' dir='ltr'><strong>errorem</strong></span> <span class='ocrx_word' id='word_1_58' title='bbox 1264 1079 1311 1119; x_wconf 80' lang='lat' dir='ltr'><strong>ees</strong></span> 
     </span>
    </p>

    <p class='ocr_par' dir='ltr' id='par_1_7' title="bbox 623 1143 1316 1224">
     <span class='ocr_line' id='line_1_10' title="bbox 623 1143 1316 1224; baseline -0.001 -19"><span class='ocrx_word' id='word_1_59' title='bbox 623 1143 809 1224; x_wconf 77' lang='lat' dir='ltr'><strong>Peohymeris</strong></span> <span class='ocrx_word' id='word_1_60' title='bbox 840 1144 945 1224; x_wconf 86' lang='lat' dir='ltr'><strong>ipsius,</strong></span> <span class='ocrx_word' id='word_1_61' title='bbox 981 1163 1020 1203; x_wconf 79' lang='lat' dir='ltr'><strong>ex</strong></span> <span class='ocrx_word' id='word_1_62' title='bbox 1047 1163 1082 1203; x_wconf 86' lang='lat' dir='ltr'><strong>oo</strong></span> <span class='ocrx_word' id='word_1_63' title='bbox 1109 1146 1192 1204; x_wconf 82' lang='lat' dir='ltr'><strong>forte</strong></span> <span class='ocrx_word' id='word_1_64' title='bbox 1216 1156 1316 1221; x_wconf 74' lang='lat' dir='ltr'><strong>ortum,</strong></span> 
     </span>
    </p>

    <p class='ocr_par' dir='ltr' id='par_1_8' title="bbox 625 1228 1322 1310">
     <span class='ocr_line' id='line_1_11' title="bbox 625 1228 1322 1310; baseline 0 -20"><span class='ocrx_word' id='word_1_65' title='bbox 625 1230 708 1309; x_wconf 86' lang='lat' dir='ltr'><strong>quod</strong></span> <span class='ocrx_word' id='word_1_66' title='bbox 724 1250 792 1291; x_wconf 86' lang='lat' dir='ltr'><strong>oum</strong></span> <span class='ocrx_word' id='word_1_67' title='bbox 808 1228 969 1307; x_wconf 24' lang='lat' dir='ltr'><strong>&#39;Nicolaum</strong></span> <span class='ocrx_word' id='word_1_68' title='bbox 990 1230 1127 1289; x_wconf 82' lang='lat' dir='ltr'><strong>Tertium</strong></span> <span class='ocrx_word' id='word_1_69' title='bbox 1151 1232 1322 1310; x_wconf 65' lang='lat' dir='ltr'><strong>pontificu</strong></span> 
     </span>
    </p>

    <p class='ocr_par' dir='ltr' id='par_1_9' title="bbox 624 1310 1322 1397">
     <span class='ocr_line' id='line_1_12' title="bbox 624 1310 1322 1397; baseline -0.003 -20"><span class='ocrx_word' id='word_1_70' title='bbox 624 1310 773 1397; x_wconf 77' lang='grc' dir='ltr'><strong><em>Οὕρσῐνον</em></strong></span> <span class='ocrx_word' id='word_1_71' title='bbox 784 1315 965 1391; x_wconf 78' lang='lat' dir='ltr'><strong>frequentius</strong></span> <span class='ocrx_word' id='word_1_72' title='bbox 977 1315 1096 1373; x_wconf 86' lang='lat' dir='ltr'><strong>nomine</strong></span> <span class='ocrx_word' id='word_1_73' title='bbox 1113 1315 1246 1377; x_wconf 74' lang='lat' dir='ltr'><strong>familiae</strong></span> <span class='ocrx_word' id='word_1_74' title='bbox 1263 1317 1322 1375; x_wconf 84' lang='lat' dir='ltr'><strong>ds·</strong></span> 
     </span>
    </p>

    <p class='ocr_par' dir='ltr' id='par_1_10' title="bbox 624 1400 1322 1479">
     <span class='ocr_line' id='line_1_13' title="bbox 624 1400 1322 1479; baseline 0.001 -19"><span class='ocrx_word' id='word_1_75' title='bbox 624 1400 755 1460; x_wconf 81' lang='lat' dir='ltr'><strong>rissimse</strong></span> <span class='ocrx_word' id='word_1_76' title='bbox 766 1418 805 1458; x_wconf 85' lang='lat' dir='ltr'><strong>ex</strong></span> <span class='ocrx_word' id='word_1_77' title='bbox 818 1418 877 1476; x_wconf 91' lang='lat' dir='ltr'><strong>qua</strong></span> <span class='ocrx_word' id='word_1_78' title='bbox 893 1408 958 1458; x_wconf 84' lang='lat' dir='ltr'><strong>eret</strong></span> <span class='ocrx_word' id='word_1_79' title='bbox 975 1408 1060 1459; x_wconf 88' lang='lat' dir='ltr'><strong>ortua</strong></span> <span class='ocrx_word' id='word_1_80' title='bbox 1074 1400 1223 1479; x_wconf 85' lang='lat' dir='ltr'><strong>eppellsri</strong></span> <span class='ocrx_word' id='word_1_81' title='bbox 1236 1401 1322 1461; x_wconf 79' lang='lat' dir='ltr'><strong>audi-</strong></span> 
     </span>
    </p>

    <p class='ocr_par' dir='ltr' id='par_1_11' title="bbox 624 1484 1321 1564">
     <span class='ocr_line' id='line_1_14' title="bbox 624 1484 1321 1564; baseline 0.004 -21"><span class='ocrx_word' id='word_1_82' title='bbox 624 1494 689 1560; x_wconf 87' lang='lat' dir='ltr'><strong>ret‚</strong></span> <span class='ocrx_word' id='word_1_83' title='bbox 710 1494 741 1543; x_wconf 86' lang='lat' dir='ltr'><strong>et</strong></span> <span class='ocrx_word' id='word_1_84' title='bbox 761 1484 969 1544; x_wconf 72' lang='lat' dir='ltr'><strong>recordaretur</strong></span> <span class='ocrx_word' id='word_1_85' title='bbox 987 1484 1102 1544; x_wconf 78' lang='lat' dir='ltr'><strong>Urbani</strong></span> <span class='ocrx_word' id='word_1_86' title='bbox 1118 1484 1175 1559; x_wconf 87' lang='lat' dir='ltr'><strong>tv,</strong></span> <span class='ocrx_word' id='word_1_87' title='bbox 1191 1488 1246 1564; x_wconf 80' lang='lat' dir='ltr'><strong>qui</strong></span> <span class='ocrx_word' id='word_1_88' title='bbox 1265 1507 1321 1564; x_wconf 80' lang='lat' dir='ltr'><strong>qm</strong></span> 
     </span>
    </p>

    <p class='ocr_par' dir='ltr' id='par_1_12' title="bbox 625 1569 1322 1652">
     <span class='ocr_line' id='line_1_15' title="bbox 625 1569 1322 1652; baseline 0.004 -25"><span class='ocrx_word' id='word_1_89' title='bbox 625 1578 757 1649; x_wconf 88' lang='lat' dir='ltr'><strong>tompore</strong></span> <span class='ocrx_word' id='word_1_90' title='bbox 776 1571 837 1649; x_wconf 84' lang='lat' dir='ltr'><strong>ipae</strong></span> <span class='ocrx_word' id='word_1_91' title='bbox 861 1569 893 1627; x_wconf 88' lang='lat' dir='ltr'><strong>in</strong></span> <span class='ocrx_word' id='word_1_92' title='bbox 910 1569 1016 1628; x_wconf 83' lang='lat' dir='ltr'><strong>urbem</strong></span> <span class='ocrx_word' id='word_1_93' title='bbox 1036 1570 1322 1652; x_wconf 74' lang='lat' dir='ltr'><strong>Constantinopolin</strong></span> 
     </span>
    </p>

    <p class='ocr_par' dir='ltr' id='par_1_13' title="bbox 501 1654 1318 1734">
     <span class='ocr_line' id='line_1_16' title="bbox 501 1654 1318 1734; baseline 0.001 -21"><span class='ocrx_word' id='word_1_94' title='bbox 501 1712 507 1730; x_wconf 38' lang='lat'><em>⁶</em></span> <span class='ocrx_word' id='word_1_95' title='bbox 624 1674 725 1714; x_wconf 84' lang='lat' dir='ltr'><strong>reeens</strong></span> <span class='ocrx_word' id='word_1_96' title='bbox 751 1673 767 1712; x_wconf 85' lang='lat' dir='ltr'><strong>e</strong></span> <span class='ocrx_word' id='word_1_97' title='bbox 787 1654 897 1713; x_wconf 80' lang='lat' dir='ltr'><strong>Latinis</strong></span> <span class='ocrx_word' id='word_1_98' title='bbox 918 1663 1122 1734; x_wconf 75' lang='lat' dir='ltr'><strong>recuperatam</strong></span> <span class='ocrx_word' id='word_1_99' title='bbox 1141 1656 1217 1714; x_wconf 84' lang='lat' dir='ltr'><strong>suni</strong></span> <span class='ocrx_word' id='word_1_100' title='bbox 1242 1660 1318 1721; x_wconf 76' lang='lat'>1261</span> 
     </span>
    </p>

    <p class='ocr_par' dir='ltr' id='par_1_14' title="bbox 621 1739 1321 1819">
     <span class='ocr_line' id='line_1_17' title="bbox 621 1739 1321 1819; baseline -0.001 -19"><span class='ocrx_word' id='word_1_101' title='bbox 621 1740 720 1817; x_wconf 81' lang='lat' dir='ltr'><strong>rediit,</strong></span> <span class='ocrx_word' id='word_1_102' title='bbox 741 1740 890 1798; x_wconf 85' lang='lat' dir='ltr'><strong>Romenee</strong></span> <span class='ocrx_word' id='word_1_103' title='bbox 905 1739 1042 1798; x_wconf 85' lang='lat' dir='ltr'><strong>ecclesiae</strong></span> <span class='ocrx_word' id='word_1_104' title='bbox 1055 1758 1191 1819; x_wconf 78' lang='lat' dir='ltr'><strong>praeesse</strong></span> <span class='ocrx_word' id='word_1_105' title='bbox 1206 1740 1321 1799; x_wconf 78' lang='lat' dir='ltr'><strong>diotre-</strong></span> 
     </span>
    </p>

    <p class='ocr_par' dir='ltr' id='par_1_15' title="bbox 621 1818 1319 1910">
     <span class='ocr_line' id='line_1_18' title="bbox 621 1818 1319 1910; baseline 0.003 -26"><span class='ocrx_word' id='word_1_106' title='bbox 621 1834 687 1899; x_wconf 84' lang='lat' dir='ltr'><strong>tur‚</strong></span> <span class='ocrx_word' id='word_1_107' title='bbox 711 1818 862 1906; x_wconf 75' lang='grc' dir='ltr'><strong><em>Ου’ρσῖνον</em></strong></span> <span class='ocrx_word' id='word_1_108' title='bbox 884 1844 954 1884; x_wconf 83' lang='lat' dir='ltr'><strong>oum</strong></span> <span class='ocrx_word' id='word_1_109' title='bbox 973 1818 1123 1910; x_wconf 74' lang='grc' dir='ltr'><strong>Ου’ρβᾶνφ</strong></span> <span class='ocrx_word' id='word_1_110' title='bbox 1147 1825 1319 1886; x_wconf 72' lang='lat' dir='ltr'><strong>confuderit</strong></span> 
     </span>
    </p>

    <p class='ocr_par' dir='ltr' id='par_1_16' title="bbox 621 1909 1320 1990">
     <span class='ocr_line' id='line_1_19' title="bbox 621 1909 1320 1990; baseline 0.003 -21"><span class='ocrx_word' id='word_1_111' title='bbox 621 1920 651 1970; x_wconf 86' lang='lat' dir='ltr'><strong>et</strong></span> <span class='ocrx_word' id='word_1_112' title='bbox 663 1910 817 1971; x_wconf 70' lang='lat' dir='ltr'><strong>Nicolaum</strong></span> <span class='ocrx_word' id='word_1_113' title='bbox 838 1909 977 1990; x_wconf 75' lang='lat' dir='ltr'><strong>appellari</strong></span> <span class='ocrx_word' id='word_1_114' title='bbox 991 1911 1143 1988; x_wconf 84' lang='lat' dir='ltr'><strong>putaverit</strong></span> <span class='ocrx_word' id='word_1_115' title='bbox 1153 1911 1320 1972; x_wconf 85' lang='lat' dir='ltr'><strong>Urbenura.</strong></span> 
     </span>
    </p>

    <p class='ocr_par' dir='ltr' id='par_1_17' title="bbox 663 1994 1320 2074">
     <span class='ocr_line' id='line_1_20' title="bbox 663 1994 1320 2074; baseline 0.003 -19"><span class='ocrx_word' id='word_1_116' title='bbox 663 1996 746 2056; x_wconf 85' lang='lat' dir='ltr'><strong>idem</strong></span> <span class='ocrx_word' id='word_1_117' title='bbox 757 1994 894 2054; x_wconf 64' lang='lat' dir='ltr'><strong>recolam</strong></span> <span class='ocrx_word' id='word_1_118' title='bbox 912 1995 1047 2074; x_wconf 83' lang='lat' dir='ltr'><strong>pontifex</strong></span> <span class='ocrx_word' id='word_1_119' title='bbox 1058 1994 1117 2054; x_wconf 87' lang='lat' dir='ltr'><strong>hoo</strong></span> <span class='ocrx_word' id='word_1_120' title='bbox 1131 2014 1214 2054; x_wconf 85' lang='lat' dir='ltr'><strong>anno</strong></span> <span class='ocrx_word' id='word_1_121' title='bbox 1227 1998 1320 2057; x_wconf 86' lang='lat' dir='ltr'><strong>mori-</strong></span> 
     </span>
    </p>
   </div>
   <div class='ocr_carea' id='block_1_3' title="bbox 620 2079 1281 2160">
    <p class='ocr_par' dir='ltr' id='par_1_18' title="bbox 620 2079 1281 2160">
     <span class='ocr_line' id='line_1_21' title="bbox 620 2079 1281 2160; baseline 0.002 -19"><span class='ocrx_word' id='word_1_122' title='bbox 620 2091 679 2142; x_wconf 88' lang='lat' dir='ltr'><strong>tur.</strong></span> <span class='ocrx_word' id='word_1_123' title='bbox 721 2079 790 2141; x_wconf 80' lang='lat' dir='ltr'><strong>vide</strong></span> <span class='ocrx_word' id='word_1_124' title='bbox 805 2079 955 2160; x_wconf 84' lang='lat' dir='ltr'><strong>Sponden.</strong></span> <span class='ocrx_word' id='word_1_125' title='bbox 968 2079 1130 2140; x_wconf 83' lang='lat' dir='ltr'><strong>Odorieum</strong></span> <span class='ocrx_word' id='word_1_126' title='bbox 1144 2089 1177 2139; x_wconf 85' lang='lat' dir='ltr'><strong>at</strong></span> <span class='ocrx_word' id='word_1_127' title='bbox 1196 2081 1281 2142; x_wconf 84' lang='lat' dir='ltr'><strong>aiios.</strong></span> 
     </span>
    </p>
   </div>
   <div class='ocr_carea' id='block_1_4' title="bbox 620 2179 1322 2602">
    <p class='ocr_par' dir='ltr' id='par_1_19' title="bbox 620 2179 1322 2602">
     <span class='ocr_line' id='line_1_22' title="bbox 662 2179 1317 2243; baseline -0.002 -2"><span class='ocrx_word' id='word_1_128' title='bbox 662 2180 728 2241; x_wconf 86' lang='lat' dir='ltr'><strong>Hoc</strong></span> <span class='ocrx_word' id='word_1_129' title='bbox 743 2180 846 2241; x_wconf 82' lang='lat' dir='ltr'><strong>eodem</strong></span> <span class='ocrx_word' id='word_1_130' title='bbox 857 2202 934 2241; x_wconf 86' lang='lat' dir='ltr'><strong>enno</strong></span> <span class='ocrx_word' id='word_1_131' title='bbox 948 2179 1095 2240; x_wconf 74' lang='lat' dir='ltr'><strong>lachanna</strong></span> <span class='ocrx_word' id='word_1_132' title='bbox 1112 2182 1176 2241; x_wconf 81' lang='lat' dir='ltr'><strong>soie</strong></span> <span class='ocrx_word' id='word_1_133' title='bbox 1191 2184 1317 2243; x_wconf 71' lang='lat' dir='ltr'><strong>victus·</strong></span> 
     </span>
     <span class='ocr_line' id='line_1_23' title="bbox 622 2266 1320 2349; baseline 0.003 -23"><span class='ocrx_word' id='word_1_134' title='bbox 622 2266 763 2327; x_wconf 83' lang='lat' dir='ltr'><strong>Tocharis</strong></span> <span class='ocrx_word' id='word_1_135' title='bbox 777 2275 835 2344; x_wconf 84' lang='lat' dir='ltr'><strong>eat,</strong></span> <span class='ocrx_word' id='word_1_136' title='bbox 856 2268 1030 2329; x_wconf 74' lang='lat' dir='ltr'><strong>Morierero</strong></span> <span class='ocrx_word' id='word_1_137' title='bbox 1049 2270 1110 2326; x_wconf 86' lang='lat' dir='ltr'><strong>eius</strong></span> <span class='ocrx_word' id='word_1_138' title='bbox 1126 2288 1208 2327; x_wconf 85' lang='lat' dir='ltr'><strong>uxor</strong></span> <span class='ocrx_word' id='word_1_139' title='bbox 1224 2269 1320 2349; x_wconf 87' lang='lat' dir='ltr'><strong>impe-</strong></span> 
     </span>
     <span class='ocr_line' id='line_1_24' title="bbox 621 2352 1322 2434; baseline 0.001 -22"><span class='ocrx_word' id='word_1_140' title='bbox 621 2354 717 2412; x_wconf 79' lang='lat' dir='ltr'><strong>ratori</strong></span> <span class='ocrx_word' id='word_1_141' title='bbox 738 2353 855 2411; x_wconf 87' lang='lat' dir='ltr'><strong>tradita.</strong></span> <span class='ocrx_word' id='word_1_142' title='bbox 896 2352 976 2411; x_wconf 77' lang='lat' dir='ltr'><strong>Aaou</strong></span> <span class='ocrx_word' id='word_1_143' title='bbox 995 2360 1095 2411; x_wconf 83' lang='lat' dir='ltr'><strong>autem</strong></span> <span class='ocrx_word' id='word_1_144' title='bbox 1111 2372 1203 2431; x_wconf 81' lang='lat' dir='ltr'><strong>gener</strong></span> <span class='ocrx_word' id='word_1_145' title='bbox 1221 2354 1322 2434; x_wconf 84' lang='lat' dir='ltr'><strong>impe-</strong></span> 
     </span>
     <span class='ocr_line' id='line_1_25' title="bbox 620 2436 1322 2518; baseline 0.001 -21"><span class='ocrx_word' id='word_1_146' title='bbox 620 2437 880 2497; x_wconf 80' lang='lat' dir='ltr'><strong>ratoriaedmissus</strong></span> <span class='ocrx_word' id='word_1_147' title='bbox 891 2436 1061 2497; x_wconf 86' lang='lat' dir='ltr'><strong>Ternobum</strong></span> <span class='ocrx_word' id='word_1_148' title='bbox 1072 2439 1152 2516; x_wconf 84' lang='lat' dir='ltr'><strong>regni</strong></span> <span class='ocrx_word' id='word_1_149' title='bbox 1163 2438 1322 2518; x_wconf 74' lang='lat' dir='ltr'><strong>Buigm&#39;ae</strong></span> 
     </span>
     <span class='ocr_line' id='line_1_26' title="bbox 620 2520 1182 2602; baseline 0.007 -22"><span class='ocrx_word' id='word_1_150' title='bbox 620 2523 833 2601; x_wconf 86' lang='lat' dir='ltr'><strong>possessionem</strong></span> <span class='ocrx_word' id='word_1_151' title='bbox 845 2523 927 2583; x_wconf 82' lang='lat' dir='ltr'><strong>adiit.</strong></span> <span class='ocrx_word' id='word_1_152' title='bbox 968 2520 1105 2602; x_wconf 67' lang='lat' dir='ltr'><strong>Pachyni</strong></span> <span class='ocrx_word' id='word_1_153' title='bbox 1120 2524 1182 2587; x_wconf 87' lang='grc'><strong>68.</strong></span> 
     </span>
    </p>
   </div>
   <div class='ocr_carea' id='block_1_5' title="bbox 618 2622 1324 3198">
    <p class='ocr_par' dir='ltr' id='par_1_20' title="bbox 618 2622 1324 3198">
     <span class='ocr_line' id='line_1_27' title="bbox 660 2622 1319 2704; baseline 0.003 -22"><span class='ocrx_word' id='word_1_154' title='bbox 660 2622 786 2682; x_wconf 85' lang='lat' dir='ltr'><strong>Videtur</strong></span> <span class='ocrx_word' id='word_1_155' title='bbox 802 2624 841 2683; x_wconf 87' lang='lat' dir='ltr'><strong>ad</strong></span> <span class='ocrx_word' id='word_1_156' title='bbox 854 2623 936 2684; x_wconf 88' lang='lat' dir='ltr'><strong>huno</strong></span> <span class='ocrx_word' id='word_1_157' title='bbox 946 2644 1055 2687; x_wconf 84' lang='lat' dir='ltr'><strong>sunum</strong></span> <span class='ocrx_word' id='word_1_158' title='bbox 1072 2623 1215 2704; x_wconf 83' lang='lat' dir='ltr'><strong>pertinere</strong></span> <span class='ocrx_word' id='word_1_159' title='bbox 1228 2624 1319 2703; x_wconf 78' lang='lat' dir='ltr'><strong>quod</strong></span> 
     </span>
     <span class='ocr_line' id='line_1_28' title="bbox 618 2706 1315 2787; baseline 0.007 -22"><span class='ocrx_word' id='word_1_160' title='bbox 618 2716 720 2767; x_wconf 76' lang='lat' dir='ltr'><strong>narret</strong></span> <span class='ocrx_word' id='word_1_161' title='bbox 736 2706 876 2787; x_wconf 84' lang='lat' dir='ltr'><strong>Peohym.</strong></span> <span class='ocrx_word' id='word_1_162' title='bbox 891 2715 911 2775; x_wconf 89' lang='lat'><strong>6</strong></span> <span class='ocrx_word' id='word_1_163' title='bbox 934 2713 973 2773; x_wconf 90' lang='lat'><strong>18</strong></span> <span class='ocrx_word' id='word_1_164' title='bbox 994 2708 1031 2767; x_wconf 81' lang='lat' dir='ltr'><strong>de</strong></span> <span class='ocrx_word' id='word_1_165' title='bbox 1046 2708 1161 2769; x_wconf 86' lang='lat' dir='ltr'><strong>duobus</strong></span> <span class='ocrx_word' id='word_1_166' title='bbox 1173 2711 1315 2787; x_wconf 84' lang='lat' dir='ltr'><strong>episcopis</strong></span> 
     </span>
     <span class='ocr_line' id='line_1_29' title="bbox 620 2792 1319 2873; baseline 0.003 -22"><span class='ocrx_word' id='word_1_167' title='bbox 620 2792 738 2853; x_wconf 76' lang='lat' dir='ltr'><strong>Graecis</strong></span> <span class='ocrx_word' id='word_1_168' title='bbox 749 2794 892 2855; x_wconf 84' lang='lat' dir='ltr'><strong>accusetis</strong></span> <span class='ocrx_word' id='word_1_169' title='bbox 904 2794 940 2852; x_wconf 83' lang='lat' dir='ltr'><strong>de</strong></span> <span class='ocrx_word' id='word_1_170' title='bbox 948 2795 1108 2873; x_wconf 75' lang='lat' dir='ltr'><strong>pertinacis</strong></span> <span class='ocrx_word' id='word_1_171' title='bbox 1117 2795 1151 2853; x_wconf 89' lang='lat' dir='ltr'><strong>in</strong></span> <span class='ocrx_word' id='word_1_172' title='bbox 1159 2793 1319 2853; x_wconf 76' lang='lat' dir='ltr'><strong>schimate</strong></span> 
     </span>
     <span class='ocr_line' id='line_1_30' title="bbox 620 2878 1323 2960; baseline 0.003 -23"><span class='ocrx_word' id='word_1_173' title='bbox 620 2888 651 2937; x_wconf 87' lang='lat' dir='ltr'><strong>et</strong></span> <span class='ocrx_word' id='word_1_174' title='bbox 663 2878 702 2938; x_wconf 81' lang='lat' dir='ltr'><strong>rd</strong></span> <span class='ocrx_word' id='word_1_175' title='bbox 716 2899 823 2959; x_wconf 79' lang='lat' dir='ltr'><strong>papam</strong></span> <span class='ocrx_word' id='word_1_176' title='bbox 835 2881 872 2940; x_wconf 86' lang='lat' dir='ltr'><strong>ab</strong></span> <span class='ocrx_word' id='word_1_177' title='bbox 884 2880 1061 2959; x_wconf 75' lang='lat' dir='ltr'><strong>imperatore</strong></span> <span class='ocrx_word' id='word_1_178' title='bbox 1070 2880 1165 2938; x_wconf 84' lang='lat' dir='ltr'><strong>missis</strong></span> <span class='ocrx_word' id='word_1_179' title='bbox 1178 2890 1212 2940; x_wconf 89' lang='lat' dir='ltr'><strong>ut</strong></span> <span class='ocrx_word' id='word_1_180' title='bbox 1222 2880 1323 2960; x_wconf 86' lang='lat' dir='ltr'><strong>puni·</strong></span> 
     </span>
     <span class='ocr_line' id='line_1_31' title="bbox 619 2963 1324 3043; baseline 0.001 -19"><span class='ocrx_word' id='word_1_181' title='bbox 619 2974 742 3043; x_wconf 82' lang='lat' dir='ltr'><strong>rentur3</strong></span> <span class='ocrx_word' id='word_1_182' title='bbox 762 2965 813 3042; x_wconf 87' lang='lat' dir='ltr'><strong>qui</strong></span> <span class='ocrx_word' id='word_1_183' title='bbox 833 2966 871 3025; x_wconf 91' lang='lat' dir='ltr'><strong>ab</strong></span> <span class='ocrx_word' id='word_1_184' title='bbox 891 2984 925 3025; x_wconf 89' lang='lat' dir='ltr'><strong>eo</strong></span> <span class='ocrx_word' id='word_1_185' title='bbox 939 2963 1088 3042; x_wconf 83' lang='lat' dir='ltr'><strong>(videlieet</strong></span> <span class='ocrx_word' id='word_1_186' title='bbox 1105 2965 1225 3025; x_wconf 83' lang='lat' dir='ltr'><strong>Nicoleo</strong></span> <span class='ocrx_word' id='word_1_187' title='bbox 1241 2967 1324 3025; x_wconf 82' lang='lat' dir='ltr'><strong>Ter-</strong></span> 
     </span>
     <span class='ocr_line' id='line_1_32' title="bbox 619 3046 1324 3128; baseline 0.004 -20"><span class='ocrx_word' id='word_1_188' title='bbox 619 3046 680 3128; x_wconf 88' lang='lat' dir='ltr'><strong>tio)</strong></span> <span class='ocrx_word' id='word_1_189' title='bbox 709 3051 821 3109; x_wconf 86' lang='lat' dir='ltr'><strong>remissi</strong></span> <span class='ocrx_word' id='word_1_190' title='bbox 840 3070 907 3111; x_wconf 87' lang='lat' dir='ltr'><strong>cum</strong></span> <span class='ocrx_word' id='word_1_191' title='bbox 930 3048 1044 3109; x_wconf 84' lang='lat' dir='ltr'><strong>honore</strong></span> <span class='ocrx_word' id='word_1_192' title='bbox 1067 3051 1174 3111; x_wconf 80' lang='lat' dir='ltr'><strong>suerint</strong></span> <span class='ocrx_word' id='word_1_193' title='bbox 1196 3050 1230 3109; x_wconf 87' lang='lat' dir='ltr'><strong>in</strong></span> <span class='ocrx_word' id='word_1_194' title='bbox 1249 3071 1324 3111; x_wconf 82' lang='lat' dir='ltr'><strong>aurs</strong></span> 
     </span>
     <span class='ocr_line' id='line_1_33' title="bbox 619 3134 1273 3198; baseline 0.011 -6"><span class='ocrx_word' id='word_1_195' title='bbox 619 3134 764 3198; x_wconf 81' lang='lat' dir='ltr'><strong>ecclesias.</strong></span> <span class='ocrx_word' id='word_1_196' title='bbox 1269 3148 1273 3153; x_wconf 75' lang='grc'>’</span> 
     </span>
    </p>
   </div>
   <div class='ocr_carea' id='block_1_6' title="bbox 619 3336 1397 3844">
    <p class='ocr_par' dir='ltr' id='par_1_21' title="bbox 619 3336 1397 3844">
     <span class='ocr_line' id='line_1_34' title="bbox 662 3336 1322 3416; baseline -0.002 -19"><span class='ocrx_word' id='word_1_197' title='bbox 662 3338 764 3397; x_wconf 84' lang='lat' dir='ltr'><strong>Simon</strong></span> <span class='ocrx_word' id='word_1_198' title='bbox 783 3337 821 3396; x_wconf 86' lang='lat' dir='ltr'><strong>de</strong></span> <span class='ocrx_word' id='word_1_199' title='bbox 841 3338 911 3397; x_wconf 86' lang='lat' dir='ltr'><strong>Brie</strong></span> <span class='ocrx_word' id='word_1_200' title='bbox 928 3336 1015 3396; x_wconf 86' lang='lat' dir='ltr'><strong>Cerd.</strong></span> <span class='ocrx_word' id='word_1_201' title='bbox 1037 3346 1153 3396; x_wconf 86' lang='lat' dir='ltr'><strong>creatus</strong></span> <span class='ocrx_word' id='word_1_202' title='bbox 1177 3337 1322 3416; x_wconf 76' lang='lat' dir='ltr'><strong>pontifex</strong></span> 
     </span>
     <span class='ocr_line' id='line_1_35' title="bbox 622 3422 1397 3501; baseline 0 -22"><span class='ocrx_word' id='word_1_203' title='bbox 622 3424 742 3482; x_wconf 82' lang='lat' dir='ltr'><strong>assumit</strong></span> <span class='ocrx_word' id='word_1_204' title='bbox 761 3442 868 3482; x_wconf 85' lang='lat' dir='ltr'><strong>nomen</strong></span> <span class='ocrx_word' id='word_1_205' title='bbox 889 3422 1006 3481; x_wconf 86' lang='lat' dir='ltr'><strong>Martini</strong></span> <span class='ocrx_word' id='word_1_206' title='bbox 1028 3423 1116 3501; x_wconf 81' lang='lat' dir='ltr'><strong>vulgo</strong></span> <span class='ocrx_word' id='word_1_207' title='bbox 1137 3425 1243 3499; x_wconf 83' lang='lat' dir='ltr'><strong>querti</strong></span> <span class='ocrx_word' id='word_1_208' title='bbox 1258 3444 1322 3482; x_wconf 81' lang='lat' dir='ltr'><strong>nu·</strong></span> <span class='ocrx_word' id='word_1_209' title='bbox 1396 3452 1397 3479; x_wconf 58' lang='lat' dir='ltr'><strong>i</strong></span> 
     </span>
     <span class='ocr_line' id='line_1_36' title="bbox 621 3506 1323 3584; baseline 0 -18"><span class='ocrx_word' id='word_1_210' title='bbox 621 3508 736 3584; x_wconf 87' lang='lat' dir='ltr'><strong>merati,</strong></span> <span class='ocrx_word' id='word_1_211' title='bbox 756 3527 825 3567; x_wconf 86' lang='lat' dir='ltr'><strong>eum</strong></span> <span class='ocrx_word' id='word_1_212' title='bbox 834 3528 938 3568; x_wconf 83' lang='lat' dir='ltr'><strong>revers</strong></span> <span class='ocrx_word' id='word_1_213' title='bbox 950 3506 1096 3566; x_wconf 87' lang='lat' dir='ltr'><strong>secundus</strong></span> <span class='ocrx_word' id='word_1_214' title='bbox 1109 3506 1171 3565; x_wconf 83' lang='lat' dir='ltr'><strong>eiua</strong></span> <span class='ocrx_word' id='word_1_215' title='bbox 1188 3509 1323 3566; x_wconf 85' lang='lat' dir='ltr'><strong>nominis</strong></span> 
     </span>
     <span class='ocr_line' id='line_1_37' title="bbox 619 3592 1324 3672; baseline -0.001 -20"><span class='ocrx_word' id='word_1_216' title='bbox 619 3594 725 3669; x_wconf 80' lang='lat' dir='ltr'><strong>tuerit,</strong></span> <span class='ocrx_word' id='word_1_217' title='bbox 747 3592 828 3671; x_wconf 84' lang='lat' dir='ltr'><strong>quod</strong></span> <span class='ocrx_word' id='word_1_218' title='bbox 849 3593 909 3652; x_wconf 87' lang='lat' dir='ltr'><strong>duo</strong></span> <span class='ocrx_word' id='word_1_219' title='bbox 930 3602 999 3672; x_wconf 85' lang='lat' dir='ltr'><strong>poet</strong></span> <span class='ocrx_word' id='word_1_220' title='bbox 1016 3592 1145 3671; x_wconf 86' lang='lat' dir='ltr'><strong>primum</strong></span> <span class='ocrx_word' id='word_1_221' title='bbox 1164 3592 1324 3651; x_wconf 84' lang='lat' dir='ltr'><strong>interiecti</strong></span> 
     </span>
     <span class='ocr_line' id='line_1_38' title="bbox 619 3676 1323 3756; baseline 0 -18"><span class='ocrx_word' id='word_1_222' title='bbox 619 3677 747 3755; x_wconf 87' lang='lat' dir='ltr'><strong>Marini,</strong></span> <span class='ocrx_word' id='word_1_223' title='bbox 780 3698 842 3738; x_wconf 87' lang='lat' dir='ltr'><strong>non</strong></span> <span class='ocrx_word' id='word_1_224' title='bbox 871 3676 993 3737; x_wconf 85' lang='lat' dir='ltr'><strong>Martini</strong></span> <span class='ocrx_word' id='word_1_225' title='bbox 1019 3677 1158 3756; x_wconf 74' lang='lat' dir='ltr'><strong>appellati</strong></span> <span class='ocrx_word' id='word_1_226' title='bbox 1190 3679 1323 3738; x_wconf 81' lang='lat' dir='ltr'><strong>suerint.</strong></span> 
     </span>
     <span class='ocr_line' id='line_1_39' title="bbox 619 3763 1024 3844; baseline -0.002 -22"><span class='ocrx_word' id='word_1_227' title='bbox 619 3763 731 3844; x_wconf 81' lang='lat' dir='ltr'><strong>spond.</strong></span> <span class='ocrx_word' id='word_1_228' title='bbox 744 3782 783 3821; x_wconf 86' lang='lat' dir='ltr'><strong>ex</strong></span> <span class='ocrx_word' id='word_1_229' title='bbox 794 3763 1024 3840; x_wconf 80' lang='lat' dir='ltr'><strong>Antiquioribus.</strong></span> 
     </span>
    </p>
   </div>
   <div class='ocr_carea' id='block_1_7' title="bbox 610 3863 1327 4350">
    <p class='ocr_par' dir='ltr' id='par_1_22' title="bbox 610 3863 1327 4350">
     <span class='ocr_line' id='line_1_40' title="bbox 659 3863 1326 3943; baseline -0.001 -18"><span class='ocrx_word' id='word_1_230' title='bbox 659 3865 846 3925; x_wconf 77' lang='lat' dir='ltr'><strong>Andronicus</strong></span> <span class='ocrx_word' id='word_1_231' title='bbox 863 3864 938 3924; x_wconf 77' lang='lat' dir='ltr'><strong>altor</strong></span> <span class='ocrx_word' id='word_1_232' title='bbox 960 3864 1109 3943; x_wconf 77' lang='lat' dir='ltr'><strong>Augustus</strong></span> <span class='ocrx_word' id='word_1_233' title='bbox 1122 3863 1326 3942; x_wconf 77' lang='lat' dir='ltr'><strong>expeditione</strong></span> 
     </span>
     <span class='ocr_line' id='line_1_41' title="bbox 617 3948 1327 4029; baseline 0.001 -23"><span class='ocrx_word' id='word_1_234' title='bbox 617 3949 675 4007; x_wconf 87' lang='lat' dir='ltr'><strong>ism</strong></span> <span class='ocrx_word' id='word_1_235' title='bbox 692 3971 770 4010; x_wconf 87' lang='lat' dir='ltr'><strong>anno</strong></span> <span class='ocrx_word' id='word_1_236' title='bbox 786 3950 931 4029; x_wconf 75' lang='lat' dir='ltr'><strong>superiori</strong></span> <span class='ocrx_word' id='word_1_237' title='bbox 950 3950 983 4009; x_wconf 90' lang='lat' dir='ltr'><strong>in</strong></span> <span class='ocrx_word' id='word_1_238' title='bbox 1012 3948 1176 4008; x_wconf 84' lang='lat' dir='ltr'><strong>Orientalea</strong></span> <span class='ocrx_word' id='word_1_239' title='bbox 1196 3950 1327 4029; x_wconf 84' lang='lat' dir='ltr'><strong>imperii</strong></span> 
     </span>
     <span class='ocr_line' id='line_1_42' title="bbox 616 4034 1327 4114; baseline 0.003 -22"><span class='ocrx_word' id='word_1_240' title='bbox 616 4043 730 4094; x_wconf 84' lang='lat' dir='ltr'><strong>tractus</strong></span> <span class='ocrx_word' id='word_1_241' title='bbox 743 4045 894 4114; x_wconf 81' lang='lat' dir='ltr'><strong>suseepte,</strong></span> <span class='ocrx_word' id='word_1_242' title='bbox 917 4035 976 4095; x_wconf 89' lang='lat' dir='ltr'><strong>hoo</strong></span> <span class='ocrx_word' id='word_1_243' title='bbox 988 4055 1067 4093; x_wconf 86' lang='lat' dir='ltr'><strong>anno</strong></span> <span class='ocrx_word' id='word_1_244' title='bbox 1081 4034 1186 4093; x_wconf 87' lang='lat' dir='ltr'><strong>urbem</strong></span> <span class='ocrx_word' id='word_1_245' title='bbox 1199 4035 1327 4094; x_wconf 78' lang='lat' dir='ltr'><strong>Tralles</strong></span> 
     </span>
     <span class='ocr_line' id='line_1_43' title="bbox 615 4119 1326 4198; baseline 0.007 -23"><span class='ocrx_word' id='word_1_246' title='bbox 615 4128 701 4177; x_wconf 84' lang='lat' dir='ltr'><strong>entes</strong></span> <span class='ocrx_word' id='word_1_247' title='bbox 714 4119 845 4179; x_wconf 76' lang='lat' dir='ltr'><strong>dirutam</strong></span> <span class='ocrx_word' id='word_1_248' title='bbox 860 4121 1037 4181; x_wconf 77' lang='lat' dir='ltr'><strong>instauravit</strong></span> <span class='ocrx_word' id='word_1_249' title='bbox 1050 4120 1326 4198; x_wconf 78' lang='lat' dir='ltr'><strong>frequentavitque</strong></span> 
     </span>
     <span class='ocr_line' id='line_1_44' title="bbox 613 4203 1325 4284; baseline 0.007 -25"><span class='ocrx_word' id='word_1_250' title='bbox 613 4203 744 4276; x_wconf 86' lang='lat' dir='ltr'><strong>colonis,</strong></span> <span class='ocrx_word' id='word_1_251' title='bbox 773 4224 853 4262; x_wconf 82' lang='lat' dir='ltr'><strong>novo</strong></span> <span class='ocrx_word' id='word_1_252' title='bbox 882 4206 999 4264; x_wconf 86' lang='lat' dir='ltr'><strong>nomine</strong></span> <span class='ocrx_word' id='word_1_253' title='bbox 1027 4204 1325 4284; x_wconf 78' lang='lat' dir='ltr'><strong>Andronicopoleos.</strong></span> 
     </span>
     <span class='ocr_line' id='line_1_45' title="bbox 610 4285 1326 4350; baseline 0.008 -7"><span class='ocrx_word' id='word_1_254' title='bbox 610 4285 663 4344; x_wconf 89' lang='lat' dir='ltr'><strong>aed</strong></span> <span class='ocrx_word' id='word_1_255' title='bbox 674 4305 693 4344; x_wconf 95' lang='lat' dir='ltr'><strong>a</strong></span> <span class='ocrx_word' id='word_1_256' title='bbox 703 4286 799 4345; x_wconf 83' lang='lat' dir='ltr'><strong>Persis</strong></span> <span class='ocrx_word' id='word_1_257' title='bbox 810 4308 919 4350; x_wconf 83' lang='lat' dir='ltr'><strong>novam</strong></span> <span class='ocrx_word' id='word_1_258' title='bbox 939 4289 1134 4348; x_wconf 83' lang='lat' dir='ltr'><strong>munitionem</strong></span> <span class='ocrx_word' id='word_1_259' title='bbox 1150 4308 1209 4348; x_wconf 79' lang='lat' dir='ltr'><strong>suo</strong></span> <span class='ocrx_word' id='word_1_260' title='bbox 1221 4290 1326 4349; x_wconf 86' lang='lat' dir='ltr'><strong>limiti</strong></span> 
     </span>
    </p>
   </div>
   <div class='ocr_carea' id='block_1_8' title="bbox 0 0 1472 4838">
    <p class='ocr_par' dir='ltr' id='par_1_23' title="bbox 0 0 1472 4838">
     <span class='ocr_line' id='line_1_46' title="bbox 0 0 1472 4838; baseline 0 0"><span class='ocrx_word' id='word_1_261' title='bbox 0 0 1472 4838; x_wconf 95' lang='lat' dir='ltr'><strong> </strong></span> 
     </span>
    </p>
   </div>
  </div>
 </body>
</html>
